% Click Tidy to clean up the entries below
% https://flamingtempura.github.io/bibtex-tidy/

@article{dowty1991thematic,
  title={Thematic proto-roles and argument selection},
  author={Dowty, David Roach},
  journal={language},
  volume={67},
  number={3},
  pages={547--619},
  year={1991},
  publisher={Linguistic Society of America}
}

@book{zipf1949leasteffort,
  title={Human behavior and the principle of least effort},
  author={Zipf, George K},
  year={1949},
  publisher={Addison-Wesley}
}

@book{quirk1985grammar,
  title={A grammar of contemporary English},
  author={Quirk, Randolph and Greenbaum, Sidney and Leech, Geoffrey Neil and Svartvik, Jan},
  year={1985},
  publisher={Longman London}
}

@article{groefsema1995understood,
  title={Understood arguments: A semantic/pragmatic approach},
  author={Groefsema, Marjolein},
  journal={Lingua},
  volume={96},
  number={2-3},
  pages={139--161},
  year={1995},
  publisher={Elsevier}
}

@incollection{fillmore1969types,
  title={Types of lexical information},
  author={Fillmore, Charles J},
  booktitle={Studies in syntax and semantics},
  pages={109--137},
  year={1969},
  publisher={Springer}
}

@book{rutherford1998workbook,
  title={A workbook in the structure of English: Linguistic principles and language acquisition},
  author={Rutherford, William E},
  year={1998},
  publisher={Blackwell Malden, MA}
}

@book{taylor1995linguistic,
  title={Linguistic categorization},
  author={Taylor, John R},
  year={1995},
  publisher={OUP Oxford}
}

@book{comrie1989language,
  title={Language universals and linguistic typology: Syntax and morphology},
  author={Comrie, Bernard},
  year={1989},
  publisher={University of Chicago press}
}

@book{kemmer1993middle,
  title={The Middle Voice},
  author={Kemmer, Suzanne},
  year={1993},
  publisher={John Benjamins Publishing Company}
}

@article{2020SciPy-NMeth,
  author  = {Virtanen, Pauli and Gommers, Ralf and Oliphant, Travis E. and
            Haberland, Matt and Reddy, Tyler and Cournapeau, David and
            Burovski, Evgeni and Peterson, Pearu and Weckesser, Warren and
            Bright, Jonathan and {van der Walt}, St{\'e}fan J. and
            Brett, Matthew and Wilson, Joshua and Millman, K. Jarrod and
            Mayorov, Nikolay and Nelson, Andrew R. J. and Jones, Eric and
            Kern, Robert and Larson, Eric and Carey, C J and
            Polat, {\.I}lhan and Feng, Yu and Moore, Eric W. and
            {VanderPlas}, Jake and Laxalde, Denis and Perktold, Josef and
            Cimrman, Robert and Henriksen, Ian and Quintero, E. A. and
            Harris, Charles R. and Archibald, Anne M. and
            Ribeiro, Ant{\^o}nio H. and Pedregosa, Fabian and
            {van Mulbregt}, Paul and {SciPy 1.0 Contributors}},
  title   = {{{SciPy} 1.0: Fundamental Algorithms for Scientific
            Computing in Python}},
  journal = {Nature Methods},
  year    = {2020},
  volume  = {17},
  pages   = {261--272},
  adsurl  = {https://rdcu.be/b08Wh},
  doi     = {10.1038/s41592-019-0686-2},
}

@inproceedings{talmy1991path,
	title        = {Path to realization. A typology of event conflation},
	author       = {Talmy, Leonard},
	year         = 1991,
	booktitle    = {Annual Meeting of the Berkeley Linguistics Society},
	volume       = 17,
	number       = 1,
	pages        = {480--519}
}

@article{mastrofini2013english,
	title        = {English manner of speaking verbs and their Italian translations},
	author       = {Mastrofini, Roberta},
	year         = 2013,
	journal      = {Athens Journal of Philology},
	volume       = 1,
	number       = 2,
	pages        = {83--98},
	doi          = {10.30958/ajp.1-2-1}
}

@misc{r_report,
	title        = {Automated Results Reporting as a Practical Tool to Improve Reproducibility and Methodological Best Practices Adoption},
	author       = {Makowski, Dominique and Ben-Shachar, Mattan S and Patil, Indrajeet and L{\"u}decke, Daniel},
	year         = 2021,
	journal      = {CRAN},
	url          = {https://github.com/easystats/report}
}
@article{r_lmer,
	title        = {Fitting Linear Mixed-Effects Models Using {lme4}},
	author       = {Bates, Douglas and M{\"a}chler, Martin and Bolker, Ben and Walker, Steve},
	year         = 2015,
	journal      = {Journal of Statistical Software},
	volume       = 67,
	number       = 1,
	pages        = {1--48},
	doi          = {10.18637/jss.v067.i01}
}
@misc{winter2013linear,
	title        = {Linear models and linear mixed effects models in R with linguistic applications},
	author       = {Winter, Bodo},
	year         = 2013
}
@misc{hayes2003otsoft,
	title        = {OTSoft 2.1, software package},
	author       = {Hayes, Bruce and Tesar, Bruce and Zuraw, Kie},
	year         = 2003,
	url          = {http://www.linguistics.ucla.edu/people/hayes/otsoft/}
}
@incollection{bertinetto1992piucheperf,
	title        = {Le strutture tempo-aspettuali dell'italiano e dell'inglese},
	author       = {Bertinetto, Pier Marco},
	year         = 1992,
	booktitle    = {L'Europa linguistica: contatti, contrasti, e affinit{\`a} di lingue},
	publisher    = {Bulzoni},
	address      = {Roma},
	pages        = {49--68},
	editor       = {Mocciaro, Antonia G and Soravia, Giulio}
}
@inproceedings{gensim_rehurek_lrec,
	title        = {{Software Framework for Topic Modelling with Large Corpora}},
	author       = {{\v R}eh{\r u}{\v r}ek, Radim and Sojka, Petr},
	year         = 2010,
	booktitle    = {{Proceedings of the LREC 2010 Workshop on New Challenges for NLP Frameworks}},
	publisher    = {ELRA},
	address      = {Valletta, Malta},
	pages        = {45--50}
}
@inproceedings{kuhn2002corpus,
	title        = {Corpus-based Learning in Stochastic OT-LFG--Experiments with a Bidirectional Bootstrapping Approach},
	author       = {Kuhn, Jonas},
	year         = 2002,
	booktitle    = {The LFG 02 Conference},
	pages        = {239--257},
	organization = {Citeseer}
}
@incollection{lenci2015modelli,
	title        = {Modelli computazionali del linguaggio tra regole e probabilit{\`a}},
	author       = {Lenci, Alessandro},
	year         = 2015,
	booktitle    = {La grammatica e l'errore. Le lingue naturali tra regole, loro violazioni ed eccezioni},
	publisher    = {Bononia University Press},
	pages        = {85--100},
	editor       = {Grandi, Nicola},
	chapter      = 5
}
@article{bard1996magnitude,
	title        = {Magnitude estimation of linguistic acceptability},
	author       = {Bard, Ellen Gurman and Robertson, Dan and Sorace, Antonella},
	year         = 1996,
	journal      = {Language},
	pages        = {32--68}
}
@incollection{bellik2019automated,
	title        = {Automated tableau generation using SPOT (Syntax Prosody in Optimality Theory)},
	author       = {Bellik, Jennifer and Kalivoda, Nick},
	year         = 2019,
	journal      = {Linguistics Vanguard},
	publisher    = {De Gruyter},
	volume       = 5,
	number       = 1
}
@article{princesmolensky1993optimality,
	title        = {Optimality Theory: Constraint interaction in generative grammar},
	author       = {Smolensky, Paul and Prince, Alan},
	year         = 1993,
	journal      = {Optimality Theory in phonology},
	publisher    = {Wiley Online Library},
	volume       = 3
}
@article{davidson2003tense,
	title        = {Tense, agreement and defaults in child Catalan: An Optimality Theoretic analysis},
	author       = {Davidson, Lisa and Goldrick, Matthew},
	year         = 2003,
	journal      = {Linguistic theory and language development in Hispainic languages},
	pages        = {193--211}
}
@article{lenci2005sintassi,
	title        = {La sintassi tra ottimalit{\`a} e probabilit{\`a}. Animatezza e definitezza in una grammatica stocastica dell'italiano},
	author       = {Lenci, Alessandro},
	year         = 2005,
	journal      = {Studi e Saggi Linguistici},
	volume       = 42,
	pages        = {43--87}
}
@book{tesniere2015elements,
	title        = {Elements of structural syntax},
	author       = {Tesni{\`e}re, Lucien},
	year         = {1959 [2015]},
	publisher    = {John Benjamins Publishing Company}
}
@article{vater1978possibility,
	title        = {On the possibility of distinguishing between complements and adjuncts},
	author       = {Vater, Heinz},
	year         = 1978,
	journal      = {Valence, semantic case and grammatical relations},
	volume       = 1,
	pages        = {21--45}
}
@book{vanvalinlapolla1997syntax,
	title        = {Syntax: Structure, meaning, and function},
	author       = {Van Valin, Robert and LaPolla, Randy},
	year         = 1997,
	publisher    = {Cambridge University Press}
}
@incollection{legendre2001introduction,
	title        = {An introduction to Optimality Theory in syntax},
	author       = {Legendre, G{\'e}raldine},
	year         = 2001,
	booktitle    = {Optimality-Theoretic Syntax},
	publisher    = {MIT Press},
	pages        = {1--27},
	editor       = {Legendre, G{\'e}raldine and Grimshaw, Jane and Vikner, Sten},
	chapter      = 1
}
@incollection{legendre2019otsyntax,
	title        = {Optimality-Theoretic Syntax},
	author       = {Legendre, G{\'e}raldine},
	year         = 2019,
	booktitle    = {Current Approaches to Syntax. A Comparative Handbook},
	publisher    = {De Gruyter Mouton},
	pages        = {263--290},
	doi          = {10.1515/9783110540253-010},
	editor       = {Kert{\'e}sz, Andr{\'a}s and Moravcsik, Edith and R{\'a}kosi, Csilla},
	chapter      = 10
}
@incollection{smolensky2006harmony,
	title        = {Harmony in Linguistic Cognition},
	author       = {Smolensky, Paul},
	year         = 2006,
	journal      = {Cognitive Science},
	publisher    = {Wiley Online Library},
	volume       = 30,
	number       = 5,
	pages        = {779--801}
}
@incollection{legendre2006optimality,
	title        = {The Optimality Theory-Harmonic Grammar connection},
	author       = {Legendre, G{\'e}raldine and Sorace, Antonella and Smolensky, Paul},
	year         = 2006,
	booktitle    = {The harmonic mind: From neural computation to Optimality Theoretic grammar, Volume 2: Linguistic and philosophical implications},
	publisher    = {MIT Press},
	pages        = {339--402},
	editor       = {Smolensky, Paul and Legendre, G{\'e}raldine}
}
@incollection{grimshaw1998optimal,
	title        = {Optimal subjects and subject universals},
	author       = {Grimshaw, Jane and Samek-Lodovici, Vieri},
	year         = 1998,
	booktitle    = {Is the best good enough? Optimality and Competition in Syntax},
	publisher    = {MIT Press},
	pages        = {193--219},
	editor       = {Barbosa, Pilar and Fox, Danny and Hagstrom, Paul and McGinnis, Martha and Pesetsky, David}
}
@book{chomsky1982epp,
	title        = {Some concepts and consequences of the theory of government and binding},
	author       = {Chomsky, Noam},
	year         = 1982,
	publisher    = {MIT press}
}
@incollection{chomsky1991fullint,
	title        = {Some Notes on Economy of Derivation and Representation},
	author       = {Chomsky, Noam},
	year         = 1991,
	journal      = {Principles and Parameters in Comparative Grammar},
	publisher    = {The MIT Press}
}
@inproceedings{CappelliLenciPISA,
	title        = {{PISA}: A measure of Preference In Selection of Arguments to model verb argument recoverability},
	author       = {Cappelli, Giulia  and Lenci, Alessandro},
	year         = 2020,
	booktitle    = {Proceedings of the Ninth Joint Conference on Lexical and Computational Semantics},
	publisher    = {Association for Computational Linguistics},
	address      = {Barcelona, Spain (Online)},
	pages        = {131--136},
	url          = {https://www.aclweb.org/anthology/2020.starsem-1.14}
}
@book{Olsen1997,
	title        = {A {{Semantic}} and {{Pragmatic Model}} of {{Lexical}} and {{Grammatical Aspect}}},
	author       = {Olsen, Mari Broman},
	year         = {1997 [2014]},
	publisher    = {{Routledge}},
	isbn         = {978-1-135-65506-8}
}
@phdthesis{evert2005statistics-lmi,
	title        = {The statistics of word cooccurrences: word pairs and collocations},
	author       = {Evert, Stefan},
	year         = 2005,
	school       = {Universit{\"a}t Stuttgart}
}
@unpublished{mikolov2013efficient,
	title        = {Efficient estimation of word representations in vector space},
	author       = {Mikolov, Tomas and Chen, Kai and Corrado, Greg and Dean, Jeffrey},
	year         = 2013,
	note         = {arXiv preprint arXiv:1301.3781}
}
@article{shannon1948mathematical,
	title        = {A mathematical theory of communication},
	author       = {Shannon, Claude E},
	year         = 1948,
	journal      = {The Bell system technical journal},
	publisher    = {Nokia Bell Labs},
	volume       = 27,
	number       = 3,
	pages        = {379--423}
}
@article{firth1957synopsis,
	title        = {A synopsis of linguistic theory, 1930-1955},
	author       = {Firth, John R},
	year         = 1957,
	journal      = {Studies in linguistic analysis},
	publisher    = {Basil Blackwell}
}
@article{beckwith1991wordnet,
	title        = {WordNet: A lexical database organized on psycholinguistic principles},
	author       = {Beckwith, Richard and Fellbaum, Christiane and Gross, Derek and Miller, George A},
	year         = 1991,
	journal      = {Lexical acquisition: Exploiting on-line resources to build a lexicon},
	volume       = 211
}
@article{WeskottFanselow2011,
	title        = {On the {{Informativity}} of {{Different Measures}} of {{Linguistic Acceptability}}},
	author       = {Weskott, Thomas and Fanselow, Gisbert},
	year         = 2011,
	journal      = {Language},
	volume       = 87,
	number       = 2,
	pages        = {249--273},
	doi          = {10.1353/lan.2011.0041},
	issn         = {1535-0665}
}
@article{arunachalam2013experimental,
	title        = {Experimental methods for linguists},
	author       = {Arunachalam, Sudha},
	year         = 2013,
	journal      = {Language and Linguistics Compass},
	publisher    = {Wiley Online Library},
	volume       = 7,
	number       = 4,
	pages        = {221--232}
}
@article{brysbaert2018word,
	title        = {The word frequency effect in word processing: An updated review},
	author       = {Brysbaert, Marc and Mandera, Pawe{\l} and Keuleers, Emmanuel},
	year         = 2018,
	journal      = {Current Directions in Psychological Science},
	publisher    = {Sage Publications Sage CA: Los Angeles, CA},
	volume       = 27,
	number       = 1,
	pages        = {45--50}
}
@article{PERMUTHWEY2009280,
	title        = {Financial Remuneration for Clinical and Behavioral Research Participation: Ethical and Practical Considerations},
	author       = {Permuth-Wey, Jennifer and Borenstein, Amy R},
	year         = 2009,
	journal      = {Annals of Epidemiology},
	volume       = 19,
	number       = 4,
	pages        = {280--285},
	doi          = {https://doi.org/10.1016/j.annepidem.2009.01.004},
	issn         = {1047-2797},
	url          = {http://www.sciencedirect.com/science/article/pii/S1047279709000155}
}
@article{Myers2009,
	title        = {Syntactic {{Judgment Experiments}}},
	author       = {Myers, James},
	year         = 2009,
	journal      = {Language and Linguistics Compass},
	volume       = 3,
	number       = 1,
	pages        = {406--423},
	doi          = {10.1111/j.1749-818X.2008.00113.x},
	issn         = {1749818X}
}
@phdthesis{Juzek2016,
	title        = {Acceptability {{Judgement Tasks}} and {{Grammatical Theory}}},
	author       = {Juzek, Tom S},
	year         = 2016,
	school       = {University of Oxford}
}
@incollection{Borik2006,
	title        = {Main Theories of Aspect ({{I}}): {{The}} Telicity Approach},
	author       = {Borik, Olga},
	year         = 2006,
	booktitle    = {Aspect and {{Reference Time}}},
	publisher    = {{Oxford University Press}},
	doi          = {10.1093/acprof:oso/9780199291298.001.0001},
	isbn         = {978-0-19-171071-1}
}
@article{Liu2014,
	title        = {Reconsidering the {{End}}-Point {{Approach}}: ({{A}})Telicity and ({{Un}})Boundedness {{Distinction}}},
	author       = {Liu, Lei},
	year         = 2014,
	journal      = {Theory and Practice in Language Studies},
	volume       = 4,
	number       = 1,
	pages        = {137--142},
	doi          = {10.4304/tpls.4.1.137-142},
	issn         = {1799-2591}
}
@article{van2014subtlex,
	title        = {SUBTLEX-UK: A new and improved word frequency database for British English},
	author       = {Van Heuven, Walter JB and Mandera, Pawel and Keuleers, Emmanuel and Brysbaert, Marc},
	year         = 2014,
	journal      = {Quarterly journal of experimental psychology},
	publisher    = {SAGE Publications Sage UK: London, England},
	volume       = 67,
	number       = 6,
	pages        = {1176--1190},
	doi          = {10.1080/17470218.2013.850521},
	issn         = {1747-0218}
}
@article{peirce2019psychopy2,
	title        = {PsychoPy2: Experiments in behavior made easy},
	author       = {Peirce, Jonathan and Gray, Jeremy R and Simpson, Sol and MacAskill, Michael and H{\"o}chenberger, Richard and Sogo, Hiroyuki and Kastman, Erik and Lindel{\o}v, Jonas Kristoffer},
	year         = 2019,
	journal      = {Behavior research methods},
	publisher    = {Springer},
	volume       = 51,
	number       = 1,
	pages        = {195--203}
}
@article{bertinetto2001frequent,
	title        = {On a frequent misunderstanding in the temporal-aspectual domain: The 'perfective-telic confusion'},
	author       = {Bertinetto, Pier Marco},
	year         = 2001,
	journal      = {Semantic Interfaces: Reference, Anaphora and Aspect, Stanford: CSLI Publications},
	pages        = {177--210}
}
@book{smith1991parameter,
	title        = {The parameter of aspect},
	author       = {Smith, Carlota S},
	year         = 1991,
	publisher    = {Springer Science \& Business Media},
	volume       = 43
}
@book{bertinetto1992aspect,
	title        = {Aspect vs. Actionality: Some reasons for keeping them apart},
	author       = {Bertinetto, Pier Marco and Delfitto, Denis},
	year         = 1992,
	publisher    = {ESF}
}
@article{bertinetto-delfitto2000aspect,
	title        = {Aspect vs. Actionality: Why they should be kept apart},
	author       = {Bertinetto, Pier Marco and Delfitto, Denis},
	year         = 2000,
	journal      = {Empirical approaches to language typology},
	publisher    = {Mouton de Gruyter},
	number       = 6,
	pages        = {189--226}
}
@book{comrie1976aspect,
	title        = {Aspect: An introduction to the study of verbal aspect and related problems},
	author       = {Comrie, Bernard},
	year         = 1976,
	publisher    = {Cambridge university press},
	volume       = 2
}
@article{bertinetto1996distribuzione,
	title        = {La distribuzione del Perfetto Semplice e del Perfetto Composto nelle diverse variet{\`a} di italiano},
	author       = {Bertinetto, Pier Marco and Squartini, Mario},
	year         = 1996,
	journal      = {Romance Philology},
	publisher    = {University of California Press Books Division},
	volume       = 49,
	number       = 4,
	pages        = {383--419}
}
@article{wagner2001aspectual,
	title        = {Aspectual influences on early tense comprehension},
	author       = {Wagner, Laura},
	year         = 2001,
	journal      = {Journal of Child Language},
	publisher    = {Cambridge University Press},
	volume       = 28,
	number       = 3,
	pages        = 661
}
@article{baroni2009wacky,
	title        = {The WaCky wide web: a collection of very large linguistically processed web-crawled corpora},
	author       = {Baroni, Marco and Bernardini, Silvia and Ferraresi, Adriano and Zanchetta, Eros},
	year         = 2009,
	journal      = {Language resources and evaluation},
	publisher    = {Springer},
	volume       = 43,
	number       = 3,
	pages        = {209--226},
	doi          = {10.1007/s10579-009-9081-4},
	issn         = {1574-020X}
}
@article{AbeLi1996,
	title        = {Learning {{Word Association Norms Using Tree Cut Pair Models}}},
	author       = {Abe, Naoki and Li, Hang},
	year         = 1996,
	journal      = {arXiv:cmp-lg/9605029},
	url          = {http://arxiv.org/abs/cmp-lg/9605029},
	urlyear      = 2020,
	archiveprefix = {arXiv},
	eprint       = {cmp-lg/9605029},
	eprinttype   = {arxiv}
}
@article{AlishahiStevenson2007,
	title        = {A Cognitive Model for the Representation and Acquisition of Verb Selectional Preferences},
	author       = {Alishahi, Afra and Stevenson, Suzanne},
	year         = 2007,
	booktitle    = {Proceedings of the Workshop on Cognitive Aspects of Computational Language Acquisition},
	publisher    = {Association for Computational Linguistics},
	address      = {Prague, Czech Republic},
	pages        = 8,
	url          = {https://www.aclweb.org/anthology/W07-0606}
}
@inproceedings{BergsmaEtAl2008,
	title        = {Discriminative {{Learning}} of {{Selectional Preference}} from {{Unlabeled Text}}},
	author       = {Bergsma, Shane and Lin, Dekang and Goebel, Randy},
	year         = 2008,
	booktitle    = {Proceedings of the 2008 {{Conference}} on {{Empirical Methods}} in {{Natural Language Processing}}},
	location     = {{Honolulu, Hawaii}},
	publisher    = {{Association for Computational Linguistics}},
	address      = {{Honolulu, Hawaii}},
	pages        = {59--68},
	doi          = {10.5555/1613715.1613725},
	url          = {https://www.aclweb.org/anthology/D08-1007},
	urlyear      = 2020,
	eventtitle   = {{{EMNLP}} 2008}
}
@inproceedings{BrockmannLapata2003,
	title        = {Evaluating and Combining Approaches to Selectional Preference Acquisition},
	author       = {Brockmann, Carsten and Lapata, Mirella},
	year         = 2003,
	booktitle    = {Proceedings of the Tenth Conference on {{European}} Chapter of the {{Association}} for {{Computational Linguistics}}  - {{EACL}} '03},
	location     = {{Budapest, Hungary}},
	publisher    = {{Association for Computational Linguistics}},
	address      = {{Budapest, Hungary}},
	volume       = 1,
	pages        = 27,
	doi          = {10.3115/1067807.1067813},
	url          = {http://portal.acm.org/citation.cfm?doid=1067807.1067813},
	urlyear      = 2020
}
@inproceedings{CiaramitaJohnson2000a,
	title        = {Explaining Away Ambiguity: {{Learning}} Verb Selectional Preference with {{Bayesian}} Networks},
	author       = {Ciaramita, Massimiliano and Johnson, Mark},
	year         = 2000,
	booktitle    = {{{COLING}} 2000 {{Volume}} 1: {{The}} 18th {{International Conference}} on {{Computational Linguistics}}},
	url          = {https://www.aclweb.org/anthology/C00-1028},
	urlyear      = 2020,
	eventtitle   = {{{COLING}} 2000},
}
@inproceedings{ClarkWeir2001,
	title        = {Class-{{Based Probability Estimation Using}} a {{Semantic Hierarchy}}},
	author       = {Clark, Stephen and Weir, David},
	year         = 2001,
	booktitle    = {Second {{Meeting}} of the {{North American Chapter}} of the {{Association}} for {{Computational Linguistics}}},
	url          = {https://www.aclweb.org/anthology/N01-1013},
	urlyear      = 2020,
	eventtitle   = {{{NAACL}} 2001},
}
@article{Erk2007,
	title        = {A {{Simple}}, {{Similarity}}-Based {{Model}} for {{Selectional Preferences}}},
	author       = {Erk, Katrin},
	year         = 2007,
	pages        = 8,
	langid       = {english},
}
@article{ErkEtAl2010,
	title        = {A {{Flexible}}, {{Corpus}}-{{Driven Model}} of {{Regular}} and {{Inverse Selectional Preferences}}},
	author       = {Erk, Katrin and Pad{\'o}, Sebastian and Pad{\'o}, Ulrike},
	year         = 2010,
	journal      = {Computational Linguistics},
	volume       = 36,
	number       = 4,
	pages        = {723--763},
	doi          = {10.1162/coli\_a\_00017},
	issn         = {0891-2017, 1530-9312},
	url          = {http://www.mitpressjournals.org/doi/10.1162/coli\%5Fa\%5F00017},
	journaltitle = {Computational Linguistics},
	shortjournal = {Computational Linguistics},
	urlyear      = 2020,
	langid       = {english},
}
@inproceedings{GrishmanSterling1992,
	title        = {Acquisition of {{Selectional Patterns}}},
	author       = {Grishman, Ralph and Sterling, John},
	year         = 1992,
	booktitle    = {{{COLING}} 1992 {{Volume}} 2: {{The}} 15th {{International Conference}} on {{Computational Linguistics}}},
	url          = {https://www.aclweb.org/anthology/C92-2099},
	urlyear      = 2020,
	eventtitle   = {{{COLING}} 1992},
}
@inproceedings{HaagsmaBjerva2016,
	title        = {Detecting Novel Metaphor Using Selectional Preference Information},
	author       = {Haagsma, Hessel and Bjerva, Johannes},
	year         = 2016,
	booktitle    = {Proceedings of the {{Fourth Workshop}} on {{Metaphor}} in {{NLP}}},
	location     = {{San Diego, California}},
	publisher    = {{Association for Computational Linguistics}},
	address      = {{San Diego, California}},
	pages        = {10--17},
	doi          = {10.18653/v1/W16-1102},
	url          = {http://aclweb.org/anthology/W16-1102},
	urlyear      = 2020,
	eventtitle   = {Proceedings of the {{Fourth Workshop}} on {{Metaphor}} in {{NLP}}},
	langid       = {english},
}
@thesis{Melchin2019,
	title        = {The Semantic Basis for Selectional Restrictions},
	author       = {Melchin, Paul},
	year         = 2019,
	institution  = {{University of Ottawa}},
	langid       = {english},
	pagetotal    = 188,
	type         = {PhD thesis},
	school       = {University of Ottawa}
}
@inproceedings{NadejdeEtAl2016,
	title        = {Modeling {{Selectional Preferences}} of {{Verbs}} and {{Nouns}} in {{String}}-to-{{Tree Machine Translation}}},
	author       = {Nadejde, Maria and Birch, Alexandra and Koehn, Philipp},
	year         = 2016,
	booktitle    = {Proceedings of the {{First Conference}} on {{Machine Translation}}: {{Volume}} 1,           {{Research Papers}}},
	location     = {{Berlin, Germany}},
	publisher    = {{Association for Computational Linguistics}},
	address      = {{Berlin, Germany}},
	pages        = {32--42},
	doi          = {10.18653/v1/W16-2204},
	url          = {http://aclweb.org/anthology/W16-2204},
	urlyear      = 2020
}
@article{Lenci2018,
	title        = {{Distributional Models of Word Meaning}},
	author       = {Lenci, Alessandro},
	year         = 2018,
	journal      = {Annual Review of Linguistics},
	volume       = 4,
	pages        = {151--171}
}
@article{PadoEtAl2006,
	title        = {Combining {{Syntax}} and {{Thematic Fit}} in a {{Probabilistic Model}} of {{Sentence Processing}}},
	author       = {Pad{\'o}, Ulrike and Keller, Frank and Crocker, Matthew},
	year         = 2006,
	pages        = 6
}
@article{PadoEtAl2009,
	title        = {A {{Probabilistic Model}} of {{Semantic Plausibility}} in {{Sentence Processing}}},
	author       = {Pad{\'o}, Ulrike and Crocker, Matthew W and Keller, Frank},
	year         = 2009,
	journal      = {Cognitive Science},
	volume       = 33,
	number       = 5,
	pages        = {794--838},
	doi          = {10.1111/j.1551-6709.2009.01033.x},
	issn         = {03640213},
	url          = {http://doi.wiley.com/10.1111/j.1551-6709.2009.01033.x},
	journaltitle = {Cognitive Science},
	urlyear      = 2020,
	langid       = {english},
}
@inproceedings{PereiraEtAl1993,
	title        = {Distributional Clustering of {{English}} Words},
	author       = {Pereira, Fernando and Tishby, Naftali and Lee, Lillian},
	year         = 1993,
	booktitle    = {Proceedings of the 31st Annual Meeting on {Association} for {Computational Linguistics}},
	location     = {Columbus, Ohio},
	publisher    = {Association for Computational Linguistics},
	address      = {Columbus, Ohio},
	pages        = {183--190},
	doi          = {10.3115/981574.981598},
	url          = {http://portal.acm.org/citation.cfm?doid=981574.981598},
	urlyear      = 2020
}
@book{Resnik1993,
	title        = {Selection and {{Information}}:  {{A Class}}-{{Based Approach}} to {{Lexical Relationships}}},
	author       = {Resnik, Philip},
	year         = 1993,
	publisher    = {{University of Pennsylvania}},
	series       = {{{IRCS Technical Reports Series}}},
	url          = {https://repository.upenn.edu/ircs\%5Freports/200/},
	langid       = {english},
	pagetotal    = 177,
	school       = {University of Pennsylvania},
	type         = {{{PhD}} Thesis}
}
@article{Resnik1996,
	title        = {Selectional Constraints: An Information-Theoretic Model and Its Computational Realization},
	author       = {Resnik, Philip},
	year         = 1996,
	journal      = {Cognition},
	volume       = 61,
	number       = {1-2},
	pages        = {127--159},
	doi          = {10.1016/S0010-0277(96)00722-6},
	issn         = {00100277},
	url          = {https://linkinghub.elsevier.com/retrieve/pii/S0010027796007226},
	journaltitle = {Cognition},
	shortjournal = {Cognition},
	urlyear      = 2020
}
@article{RolandEtAl2012,
	title        = {Semantic Similarity, Predictability, and Models of Sentence Processing},
	author       = {Roland, Douglas and Yun, Hongoak and Koenig, Jean-Pierre and Mauner, Gail},
	year         = 2012,
	journal      = {Cognition},
	volume       = 122,
	number       = 3,
	pages        = {267--279},
	doi          = {10.1016/j.cognition.2011.11.011},
	issn         = {00100277},
	url          = {https://linkinghub.elsevier.com/retrieve/pii/S0010027711002824},
	journaltitle = {Cognition},
	shortjournal = {Cognition},
	urlyear      = 2020
}
@inproceedings{SchulteimWalde2000,
	title        = {Clustering {{Verbs Semantically According}} to Their {{Alternation Behaviour}}},
	author       = {Schulte im Walde, Sabine},
	year         = 2000,
	booktitle    = {{{COLING}} 2000 {{Volume}} 2: {{The}} 18th {{International Conference}} on {{Computational Linguistics}}},
	url          = {https://www.aclweb.org/anthology/C00-2108},
	urlyear      = 2020,
	eventtitle   = {{{COLING}} 2000},
}
@inproceedings{SchulteimWaldeEtAl2008,
	title        = {Combining {{EM Training}} and the {{MDL Principle}} for an {{Automatic Verb Classification Incorporating Selectional Preferences}}},
	author       = {Schulte im Walde, Sabine and Hying, Christian and Scheible, Christian and Schmid, Helmut},
	year         = 2008,
	booktitle    = {Proceedings of {{ACL}}-08: {{HLT}}},
	location     = {{Columbus, Ohio}},
	publisher    = {{Association for Computational Linguistics}},
	address      = {{Columbus, Ohio}},
	pages        = {496--504},
	url          = {https://www.aclweb.org/anthology/P08-1057},
	urlyear      = 2020,
	eventtitle   = {{{ACL}}-{{HLT}} 2008},
}
@inproceedings{ShutovaEtAl2015,
	title        = {Perceptually {{Grounded Selectional Preferences}}},
	author       = {Shutova, Ekaterina and Tandon, Niket and de Melo, Gerard},
	year         = 2015,
	booktitle    = {Proceedings of the 53rd {{Annual Meeting}} of the {{Association}} for {{Computational Linguistics}} and the 7th {{International Joint Conference}} on {{Natural Language Processing}} ({{Volume}} 1: {{Long Papers}})},
	location     = {{Beijing, China}},
	publisher    = {{Association for Computational Linguistics}},
	address      = {{Beijing, China}},
	pages        = {950--960},
	doi          = {10.3115/v1/P15-1092},
	url          = {http://aclweb.org/anthology/P15-1092},
	urlyear      = 2020
}
@inproceedings{VandeCruys2014,
	title        = {A {{Neural Network Approach}} to {{Selectional Preference Acquisition}}},
	author       = {Van de Cruys, Tim},
	year         = 2014,
	booktitle    = {Proceedings of the 2014 {{Conference}} on {{Empirical Methods}} in {{Natural Language Processing}} ({{EMNLP}})},
	location     = {{Doha, Qatar}},
	publisher    = {{Association for Computational Linguistics}},
	address      = {{Doha, Qatar}},
	pages        = {26--35},
	doi          = {10.3115/v1/D14-1004},
	url          = {http://aclweb.org/anthology/D14-1004},
	urlyear      = 2020
}
@article{ZapirainEtAl2013,
	title        = {Selectional {{Preferences}} for {{Semantic Role Classification}}},
	author       = {Zapirain, Be{\~n}at and Agirre, Eneko and M{\`a}rquez, Llu{\'i}s and Surdeanu, Mihai},
	year         = 2013,
	journal      = {Computational Linguistics},
	volume       = 39,
	number       = 3,
	pages        = {631--663},
	doi          = {10.1162/COLI\_a\_00145},
	issn         = {0891-2017, 1530-9312},
	url          = {http://www.mitpressjournals.org/doi/10.1162/COLI\%5Fa\%5F00145},
	journaltitle = {Computational Linguistics}
}
@thesis{Ahringberg2015,
	title        = {''{{We}} Come up All This Way to Visit'' {{A}} Case Study of Null Instantiation in {{English}} with the Verbs Visit and Destroy},
	author       = {Ahringberg, Johanna},
	year         = 2015,
	url          = {http://lup.lub.lu.se/luur/download?func=downloadFile\&recordOId=7450606\&fileOId=7451225},
	school       = {Lund University}
}
@inproceedings{Almeida2009,
	title        = {Null {{Objects}} in {{Middle English Medical Texts}}},
	author       = {Almeida, Francisco Alonso},
	year         = 2009,
	booktitle    = {Textual Healing: Studies in Medieval English Medical, Scientific and Technical Texts},
	publisher    = {Peter Lang},
	pages        = {1--27},
	isbn         = {978-3-03911-822-9},
	url          = {https://dialnet.unirioja.es/servlet/articulo?codigo=3787919},
	editor       = {D{\'i}az-Vera, Javier E and Caballero, Rosario}
}
@article{AnderBois,
	title        = {Indefiniteness and the {{Typology}} of {{Implicit Arguments}}},
	author       = {AnderBois, Scott},
	year         = 2012,
	booktitle    = {Proceedings of the 30th {{West Coast Conference}} on {{Formal Linguistics}}},
	publisher    = {{Cascadilla Proceedings Project}},
	address      = {{Somerville, MA}}
}
@misc{AounLi2008,
	title        = {Ellipsis and {{Missing Objects}}},
	author       = {Aoun, Joseph and Li, Yen-hui Audrey},
	year         = 2008,
	booktitle    = {Foundational {{Issues}} in {{Linguistic Theory}}: {{Essays}} in {{Honor}} of {{Jean}}-{{Roger Vergnaud}}},
	publisher    = {{MIT Press Scholarship Online}},
	isbn         = {978-0-262-06278-7}
}
@thesis{Armstrong2011,
	title        = {{{Two classes of transitive verbs}}: {{Evidence from Spanish}}},
	author       = {Armstrong, Grant},
	year         = 2011,
	school       = {Georgetown University}
}
@article{Bender,
	title        = {Constituting {{Context}}: {{Null Objects}} in {{English Recipes Revisited}}},
	author       = {Bender, Emily},
	year         = 1999,
	journal      = {University of Pennsylvania Working Papers in Linguistics},
	volume       = 6,
	number       = 1
}
@article{BerghOhlander2016,
	title        = {Iniesta Passed and {{Messi}} Finished Clinically: {{Football}} Verbs and Transitivity},
	author       = {Bergh, Gunnar and Ohlander, S{\"o}lve},
	year         = 2016,
	journal      = {Nordic Journal of English Studies},
	volume       = 15,
	number       = 2,
	pages        = 19,
	doi          = {10.35360/njes.359},
	issn         = {1654-6970},
	url          = {https://njes-journal.com/article/10.35360/njes.359/}
}
@incollection{BourmayanRecanati2013,
	title        = {Transitive {{Meanings}} for {{Intransitive Verbs}}},
	author       = {Bourmayan, Anouch and Recanati, Francois},
	year         = 2013,
	booktitle    = {Brevity},
	publisher    = {{Oxford University Press}},
	pages        = {122--142},
	doi          = {10.1093/acprof:oso/9780199664986.003.0008},
	isbn         = {978-0-19-966498-6},
	url          = {http://www.oxfordscholarship.com/view/10.1093/acprof:oso/9780199664986.001.0001/acprof-9780199664986-chapter-8},
	editor       = {Goldstein, Laurence}
}
@misc{Bruhova2012,
	title        = {Object Deletion in Ditransitive Verbs and Its Semantic Consequences--{{Vil{\'e}m Mathesius}}, {{Ivan Poldauf}} and Beyond},
	author       = {Br{\uu}hov{\'a}, Gabriela},
	year         = 2012,
	booktitle    = {A {{Centenary}} of {{English Studies}} at {{Charles University}}: From {{Mathesius}} to {{Present}}-Day {{Linguistics}}},
	pages        = {123--134},
	isbn         = {978-80-7308-449-3}
}
@article{Campos1986,
	title        = {Indefinite {{Object Drop}}},
	author       = {Campos, Hector},
	year         = 1986,
	journal      = {Linguistic Inquiry},
	volume       = 17,
	number       = 2,
	pages        = 7
}
@incollection{Cennamo2017,
	title        = {Object Omission and the Semantics of Predicates in {{Italian}} in a Comparative Perspective},
	author       = {Cennamo, Michela},
	year         = 2017,
	booktitle    = {Linguistik {{Aktuell}}/{{Linguistics Today}}},
	location     = {{Amsterdam}},
	publisher    = {{John Benjamins Publishing Company}},
	address      = {{Amsterdam}},
	volume       = 237,
	pages        = {252--273},
	doi          = {10.1075/la.237.08cen},
	isbn         = {978-90-272-5720-8},
	url          = {https://benjamins.com/catalog/la.237.08cen},
	editor       = {Hellan, Lars and Malchukov, Andrej and Cennamo, Michela},
	urlyear      = 2020
}
@article{Cotter1984,
	title        = {Inferring {{Indirect Objects}} in {{Sentences}}: {{Some Implications}} for the {{Semantics}} of {{Verbs}}},
	author       = {Cotter, Carole A},
	year         = 1984,
	journal      = {Language and Speech},
	volume       = 27,
	number       = 1,
	pages        = {25--45},
	doi          = {10.1177/002383098402700103},
	issn         = {0023-8309, 1756-6053},
	url          = {http://journals.sagepub.com/doi/10.1177/002383098402700103},
	journaltitle = {Language and Speech}
}
@article{Culy1996,
	title        = {Null Objects in {{English}} Recipes},
	author       = {Culy, Christopher},
	year         = 1996,
	journal      = {Language Variation and Change},
	publisher    = {{Cambridge University Press}},
	volume       = 8,
	number       = 1,
	pages        = {91--124},
	doi          = {10.1017/S0954394500001083},
	issn         = {1469-8021, 0954-3945},
	url          = {https://www.cambridge.org/core/journals/language-variation-and-change/article/null-objects-in-english-recipes/14FD76C1344B235D20893DBA0346FE8E},
	journaltitle = {Language Variation and Change},
	urlyear      = 2020
}
@incollection{CumminsRoberge2004,
	title        = {Null {{Objects}} in {{French}} and {{English}}},
	author       = {Cummins, Sarah and Roberge, Yves},
	year         = 2004,
	booktitle    = {Current {{Issues}} in {{Linguistic Theory}}},
	location     = {{Amsterdam}},
	publisher    = {{John Benjamins Publishing Company}},
	address      = {{Amsterdam}},
	volume       = 258,
	pages        = {121--138},
	doi          = {10.1075/cilt.258.07cum},
	isbn         = {978-90-272-4772-8},
	url          = {https://benjamins.com/catalog/cilt.258.07cum},
	editor       = {Auger, Julie and Clements, J. Clancy and Vance, Barbara},
	urlyear      = 2020
}
@article{CumminsRoberge2005,
	title        = {A {{Modular}} Account of Null Objects in {{French}}},
	author       = {Cummins, Sarah and Roberge, Yves},
	year         = 2005,
	journal      = {Syntax},
	volume       = 8,
	number       = 1,
	pages        = {44--64},
	doi          = {10.1111/j.1467-9612.2005.00074.x},
	issn         = {1467-9612},
	url          = {https://onlinelibrary.wiley.com/doi/abs/10.1111/j.1467-9612.2005.00074.x},
	journaltitle = {Syntax},
	urlyear      = 2020
}
@thesis{David2016,
	title        = {Metaphor in the {{Grammar}} of {{Argument Realization}}},
	author       = {David, Oana Alexandra},
	year         = 2016,
	institution  = {{University of California, Berkeley}},
	pagetotal    = 207,
	type         = {PhD thesis},
	school       = {University of California, Berkeley}
}
@misc{Delancey1987,
	title        = {Transitivity in Grammar and Cognition},
	author       = {Delancey, Scott},
	year         = 1987
}
@inproceedings{Dvorak2017,
	title        = {A {{Syntactic Approach}} to {{Indefinite Null Objects}}},
	author       = {Dvo{\v r}{\'a}k, V{\v e}ra},
	year         = 2017,
	booktitle    = {{{NELS}} 48}
}
@article{Engelberg2002,
	title        = {Intransitive {{Accomplishments}} and the {{Lexicon}}: {{The Role}} of {{Implicit Arguments}}, {{Definiteness}}, and {{Reflexivity}} in {{Aspectual Composition}}},
	author       = {Engelberg, Stefan},
	year         = 2002,
	journal      = {Journal of Semantics},
	volume       = 19,
	number       = 4,
	pages        = {369--416},
	doi          = {10.1093/jos/19.4.369},
	issn         = {0167-5133, 1477-4593},
	url          = {https://academic.oup.com/jos/article-lookup/doi/10.1093/jos/19.4.369}
}
@article{Eu2018,
	title        = {On the Nature of Object Omission: Indefiniteness as Indeterminacy},
	author       = {Eu, Jinseung},
	year         = 2018,
	journal      = {English Language and Linguistics},
	volume       = 22,
	number       = 3,
	pages        = {523--530},
	doi          = {10.1017/S1360674317000296},
	issn         = {1360-6743, 1469-4379},
	url          = {https://www.cambridge.org/core/product/identifier/S1360674317000296/type/journal\%5Farticle}
}
@inproceedings{Fillmore1986,
	title        = {Pragmatically {{Controlled Zero Anaphora}}},
	author       = {Fillmore, Charles J},
	year         = 1986,
	booktitle    = {Proceedings of the {{Twelfth Annual Meeting}} of the {{Berkeley Linguistics Society}} (1986)},
	pages        = {95--107}
}
@inproceedings{Francez2017,
	title        = {A {{Proof}}-{{Theoretic Semantics}} for {{Transitive Verbs}} with an {{Implicit Object}}},
	author       = {Francez, Nissim},
	year         = 2017,
	booktitle    = {Proceedings of the 15th {{Meeting}} on the {{Mathematics}} of {{Language}}},
	location     = {{London, UK}},
	publisher    = {{Association for Computational Linguistics}},
	address      = {{London, UK}},
	pages        = {59--67},
	doi          = {10.18653/v1/W17-3406},
	url          = {https://www.aclweb.org/anthology/W17-3406},
	urlyear      = 2020
}
@article{giannakidou1997interpretation,
	title        = {On the interpretation of null indefinite objects in Greek},
	author       = {Giannakidou, Anastasia and Merchant, Jason},
	year         = 1997,
	journal      = {Studies in Greek linguistics},
	publisher    = {University of Thessaloniki},
	volume       = 17,
	pages        = {141--155}
}
@article{Gillon2012,
	title        = {Implicit Complements: A Dilemma for Model Theoretic Semantics},
	author       = {Gillon, Brendan S},
	year         = 2012,
	journal      = {Linguistics and Philosophy},
	volume       = 35,
	number       = 4,
	pages        = {313--359},
	doi          = {10.1007/s10988-012-9120-2},
	issn         = {0165-0157},
	url          = {http://link.springer.com/10.1007/s10988-012-9120-2}
}
@article{Glass2013,
	title        = {What {{Does It Mean}} for an {{Implicit Object}} to Be {{Recoverable}}?},
	author       = {Glass, Lelia},
	year         = 2013,
	booktitle    = {Penn Linguistics Colloquium},
	volume       = 37,
	pages        = 10
}
@article{Glass2020,
	title        = {Verbs Describing Routines Facilitate Object Omission in {{English}}},
	author       = {Glass, Lelia},
	year         = 2020,
	journal      = {Proceedings of the Linguistic Society of America},
	volume       = 5,
	number       = 1,
	pages        = 44,
	doi          = {10.3765/plsa.v5i1.4663},
	issn         = {2473-8689},
	url          = {https://journals.linguisticsociety.org/proceedings/index.php/PLSA/article/view/4663}
}
@article{Goldberg2001,
	title        = {Patient Arguments of Causative Verbs Can Be Omitted: The Role of Information Structure in Argument Distribution},
	author       = {Goldberg, Adele E},
	year         = 2001,
	journal      = {Language Sciences},
	volume       = 23,
	pages        = 22
}
@incollection{Goldberg2005a,
	title        = {Constructions, {{Lexical Semantics}} and the {{Correspondence Principle}}: {{Accounting}} for {{Generalizations}} and {{Subregularities}} in the {{Realization}} of {{Arguments}}},
	author       = {Goldberg, Adele},
	year         = 2005,
	booktitle    = {The {{Syntax}} of {{Aspect}}: {{Deriving Thematic}} and {{Aspectual Interpretation}}},
	publisher    = {{Erteschik-Shir, Nomi and Rapoport, Tova}}
}
@article{GordishevskyAvrutin2004,
	title        = {Optional {{Omissions}} in an {{Optionally Null Subject Language}}},
	author       = {Gordishevsky, Galina and Avrutin, Sergey},
	year         = 2004,
	journal      = {LOT Occasional Series},
	volume       = 3,
	pages        = 12
}
@article{Haegeman1987,
	title        = {Register {{Variation}} in {{English}}: {{Some Theoretical Observations}}},
	author       = {Haegeman, Liliane},
	year         = 1987,
	journal      = {Journal of English Linguistics},
	volume       = 20,
	number       = 2,
	pages        = {230--248},
	doi          = {10.1177/007542428702000207},
	issn         = {0075-4242, 1552-5457},
	url          = {http://journals.sagepub.com/doi/10.1177/007542428702000207}
}
@article{HickmanEtAl2016,
	title        = {Direct {{Object Omission}} as a {{Sign}} of {{Conceptual Defaultness}}},
	author       = {Hickman, Louis and Taylor, Julia and Raskin, Victor},
	year         = 2016,
	booktitle    = {{{FLAIRS Conference}}},
	volume       = 29,
	pages        = 6
}
@incollection{HoopSwart1990,
	title        = {Indefinite {{Objects}}},
	author       = {de Hoop, Helen and de Swart, Henriette},
	year         = 1990,
	booktitle    = {Linguistics in the {{Netherlands}} 1990},
	location     = {{Berlin, Boston}},
	publisher    = {{De Gruyter}},
	address      = {{Berlin, Boston}},
	pages        = {91--100},
	doi          = {10.1515/9783110849998-012},
	isbn         = {978-3-11-084999-8},
	url          = {http://www.degruyter.com/view/books/9783110849998/9783110849998-012/9783110849998-012.xml},
	editor       = {Bok-Bennema, Reineke and Coopmans, Peter}
}
@article{HopperThompson1980,
	title        = {Transitivity in {{Grammar}} and {{Discourse}}},
	author       = {Hopper, Paul J and Thompson, Sandra A},
	year         = 1980,
	journal      = {Language},
	volume       = 56,
	number       = 2,
	pages        = 251,
	doi          = {10.2307/413757},
	issn         = {00978507}
}
@article{Ingham1993,
	title        = {Input and {{Learnability}}: {{Direct}}-{{Object Omissibility}} in {{English}}},
	author       = {Ingham, Richard},
	year         = 1993,
	journal      = {Language Acquisition},
	volume       = 3,
	number       = 2,
	pages        = {95--120},
	doi          = {10.1207/s15327817la0302\_1},
	issn         = {1048-9223},
	url          = {http://www.tandfonline.com/doi/abs/10.1207/s15327817la0302\%5F1}
}
@article{Isingoma2020,
	title        = {Implicit {{Arguments}} in {{English}} and {{Rutooro}}},
	author       = {Isingoma, Bebwa},
	year         = 2020,
	journal      = {Linguistik Online},
	publisher    = {{Linguistik Online; Linguistik Online}},
	volume       = 101,
	number       = 1,
	pages        = {19--47},
	doi          = {10.13092/LO.101.6671},
	url          = {https://bop.unibe.ch/linguistik-online/article/view/6671}
}
@book{Jespersen1927,
	title        = {A {{Modern English Grammar}} on {{Historical Principles}}. {{Part III}}. {{Syntax}}},
	author       = {Jespersen, Otto},
	year         = 1927,
	publisher    = {{Routledge}},
	volume       = 2,
	isbn         = {978-1-135-66400-8}
}
@article{KlineEtAl2017,
	title        = {Partial {{Truths}}: {{Adults Choose}} to {{Mention Agents}} and {{Patients}} in {{Proportion}} to {{Informativity}}, {{Even If It Doesn}}'t {{Fully Disambiguate}} the {{Message}}},
	author       = {Kline, Melissa and Schulz, Laura and Gibson, Edward},
	year         = 2017,
	journal      = {Open Mind},
	volume       = 2,
	number       = 1,
	pages        = {1--13},
	doi          = {10.1162/opmi\_a\_00013},
	issn         = {2470-2986},
	url          = {https://www.mitpressjournals.org/doi/abs/10.1162/opmi\%5Fa\%5F00013}
}
@misc{KulpmannJoppe2015,
	title        = {Argument {{Omission}} between {{Valency}} and {{Construction}}},
	author       = {K{\"u}lpmann, Robert and Joppe, Vilma Symanczyk},
	year         = 2015,
	pages        = 6
}
@article{Landau2010,
	title        = {The {{Explicit Syntax}} of {{Implicit Arguments}}},
	author       = {Landau, Idan},
	year         = 2010,
	journal      = {Linguistic Inquiry},
	volume       = 41,
	number       = 3,
	pages        = {357--388},
	doi          = {10.1162/LING\_a\_00001},
	issn         = {0024-3892, 1530-9150},
	url          = {http://www.mitpressjournals.org/doi/10.1162/LING\%5Fa\%5F00001}
}
@book{Levin1993,
	title        = {English Verb Classes and Alternations: A Preliminary Investigation},
	author       = {Levin, Beth},
	year         = 1993,
	location     = {{Chicago}},
	publisher    = {{University of Chicago Press}},
	address      = {{Chicago}},
	isbn         = {978-0-226-47532-5},
	pagetotal    = 348
}
@article{Liu2008,
	title        = {Intransitive or {{Object Deleting}}?: {{Classifying English Verbs Used}} without an {{Object}}},
	author       = {Liu, Dilin},
	year         = 2008,
	journal      = {Journal of English Linguistics},
	volume       = 36,
	number       = 4,
	pages        = {289--313},
	doi          = {10.1177/0075424208317128},
	issn         = {0075-4242, 1552-5457},
	url          = {http://journals.sagepub.com/doi/10.1177/0075424208317128}
}
@article{MaoueneEtAl2011,
	title        = {Object Associations of Early-Learned Light and Heavy {{English}} Verbs},
	author       = {Maouene, Josita and Laakso, Aarre and Smith, Linda B},
	year         = 2011,
	journal      = {First Language},
	publisher    = {{SAGE Publications Ltd}},
	volume       = 31,
	number       = 1,
	pages        = {109--132},
	doi          = {10.1177/0142723710380528},
	issn         = {0142-7237, 1740-2344},
	url          = {http://journals.sagepub.com/doi/10.1177/0142723710380528}
}
@article{Marti2010,
	title        = {Implicit Indefinite Objects: {{The}} Barest of the Bare},
	author       = {Mart{\'i}, Luisa},
	year         = 2010,
	journal      = {Occasional Papers Advancing Linguistics},
	volume       = 15
}
@article{Marti2015,
	title        = {Grammar versus {{Pragmatics}}: {{Carving Nature}} at the {{Joints}}: {{Grammar}} versus {{Pragmatics}}},
	author       = {Mart{\'i}, Luisa},
	year         = 2015,
	journal      = {Mind \& Language},
	volume       = 30,
	number       = 4,
	pages        = {437--473},
	doi          = {10.1111/mila.12086},
	issn         = {02681064},
	url          = {http://doi.wiley.com/10.1111/mila.12086}
}
@article{MassamRoberge1989,
	title        = {Recipe {{Context Null Objects}} in {{English}}},
	author       = {Massam, Diane and Roberge, Yves},
	year         = 1989,
	journal      = {Linguistic Inquiry},
	volume       = 20,
	number       = 1,
	pages        = {134--139}
}
@article{Massam1992,
	title        = {Null {{Objects}} and {{Non}}-{{Thematic Subjects}}},
	author       = {Massam, Diane},
	year         = 1992,
	journal      = {Journal of Linguistics},
	publisher    = {{Cambridge University Press}},
	volume       = 28,
	number       = 1,
	pages        = {115--137},
	issn         = {0022-2267}
}
@thesis{Medina2007,
	title        = {Learning Which Verbs Allow Object Omission: Verb Semantic Selectivity and the Implicit Object Construction},
	author       = {Medina, Tamara Nicol},
	year         = 2007,
	institution  = {{Johns Hopkins University}},
	school       = {Johns Hopkins University}
}
@misc{Megitt2019,
	title        = {"{{When}} Top Coals Are Partially Covered with Ash, Pour Evenly over Grill." {{A}} Study of Clause-Initial Adverbials and Ellipsis in Recipes},
	author       = {Megitt, Maria},
	year         = 2019,
	pages        = {1--38},
	institution  = {{Linnaeus University}},
	type         = {Term Paper}
}
@article{Melchin2017,
	title        = {Argument Omission and Verb Meaning},
	author       = {Melchin, Paul B},
	year         = 2017,
	pages        = 31
}
@thesis{Mengistu1996,
	title        = {Transitivity {{Alternations}}, {{Event}}-Types and {{Light Verbs}}},
	author       = {Mengistu, Amberber},
	year         = 1996,
	url          = {https://www.collectionscanada.gc.ca/obj/s4/f2/dsk3/ftp04/nq29873.pdf},
	institution  = {{McGill University}},
	school       = {McGill University}
}
@article{Mittwoch1982,
	title        = {On the {{Difference}} between {{Eating}} and {{Eating Something}}: {{Activities}} versus {{Accomplishments}}},
	author       = {Mittwoch, Anita},
	year         = 1982,
	journal      = {Linguistic Inquiry},
	publisher    = {{The MIT Press}},
	volume       = 13,
	number       = 1,
	pages        = {113--122},
	issn         = {0024-3892},
	journaltitle = {Linguistic Inquiry},
	eprint       = 4178263,
	eprinttype   = {jstor}
}
@incollection{Mittwoch2005,
	title        = {Unspecified {{Arguments}} in {{Episodic}} and {{Habitual Sentences}}},
	author       = {Mittwoch, Anita},
	year         = 2005,
	booktitle    = {The {{Syntax}} of {{Aspect}}},
	publisher    = {{Oxford University Press}},
	series       = {Oxford {{Studies}} in {{Theoretical Linguistics}}},
	pages        = {237--254},
	isbn         = {978-0-19-928044-5}
}
@article{Naess2007,
	title        = {Prototypical {{Transitivity}}},
	author       = {N{\ae}ss, {\AA}shild},
	year         = 2007,
	journal      = {Typological {{Studies}} in {{Language}}},
	publisher    = {{John Benjamins Publishing Company}},
	number       = 72,
	isbn         = {978-90-272-2984-7},
	url          = {https://benjamins.com/catalog/tsl.72}
}
@article{Ohlander1943,
	title        = {Omission of the {{Object}} in {{English}}},
	author       = {Ohlander, Urban},
	year         = 1943,
	journal      = {Studia Neophilologica},
	publisher    = {{Routledge}},
	volume       = 16,
	number       = 1,
	pages        = {105--127},
	doi          = {10.1080/00393274308586940},
	issn         = {0039-3274},
	url          = {https://doi.org/10.1080/00393274308586940}
}
@inproceedings{OlsenResnik1997,
	title        = {Implicit {{Object Constructions}} and the ({{In}})Transitivity {{Continuum}}},
	author       = {Olsen, Mari Broman and Resnik, Philip},
	year         = 1997,
	booktitle    = {In {{Proceedings}} of the 33rd {{Regional Meeting}} of the {{Chicago Linguistics Society}}},
	pages        = {327--336}
}
@article{Onozuka2007,
	title        = {Remarks on Causative Verbs and Object Deletion in {{English}}},
	author       = {Onozuka, Hiromi},
	year         = 2007,
	journal      = {Language Sciences},
	volume       = 29,
	number       = 4,
	pages        = {538--553},
	doi          = {10.1016/j.langsci.2006.01.002},
	issn         = {03880001},
	url          = {https://linkinghub.elsevier.com/retrieve/pii/S0388000106000465}
}
@article{PaparounasSitaridou2018,
	title        = {Indefinite {{Object Drop}} in {{Modern Greek}}: {{Towards}} a Minimalist Typology of Null Objects},
	author       = {Paparounas, Lefteris and Sitaridou, Ioanna},
	year         = 2018,
	booktitle    = {{{SinFonIJA}} 11},
	pages        = 17
}
@article{PerezLerouxEtAl2011,
	title        = {Topicalization and Object Omission in Child Language},
	author       = {P{\'e}rez-Leroux, Ana T and Pirvulescu, Mihaela and Roberge, Yves},
	year         = 2011,
	journal      = {First Language},
	volume       = 31,
	number       = 3,
	pages        = {280--299},
	doi          = {10.1177/0142723710394384},
	issn         = {0142-7237, 1740-2344},
	url          = {http://journals.sagepub.com/doi/10.1177/0142723710394384}
}
@article{PerezLerouxEtAl2013,
	title        = {On the Development of Null Implicit Objects in {{L1 English}}},
	author       = {P{\'e}rez-Leroux, Ana T and Pirvulescu, Mihaela and Roberge, Yves and Castilla, Anny},
	year         = 2013,
	journal      = {Canadian Journal of Linguistics/Revue canadienne de linguistique},
	volume       = 58,
	number       = 3,
	pages        = {443--464},
	doi          = {10.1017/S0008413100002656},
	issn         = {0008-4131, 1710-1115},
	url          = {https://www.cambridge.org/core/product/identifier/S0008413100002656/type/journal\%5Farticle}
}
@collection{Progovac2006,
	title        = {The Syntax of Nonsententials: Multidisciplinary Perspectives},
	year         = 2006,
	location     = {{Amsterdam ; Philadelphia}},
	publisher    = {{J. Benjamins Pub}},
	series       = {Linguistik Aktuell = {{Linguistics}} Today},
	number       = {v. 93},
	isbn         = {978-90-272-3357-8},
	editor       = {Progovac, Ljiljana},
	pagetotal    = 372
}
@incollection{RappaportHovavLevin2005,
	title        = {Change-of-{{State Verbs}}: {{Implications}} for {{Theories}} of {{Argument Projection}}},
	author       = {Rappaport Hovav, Malka and Levin, Beth},
	year         = 2005,
	booktitle    = {The {{Syntax}} of {{Aspect}}}
}
@article{Rasetti2003,
	title        = {Optional categories in early French syntax: a developmental study of root infinitives and null arguments},
	author       = {Rasetti, Lucienne},
	year         = 2003,
	publisher    = {{Universit{\'e} de Gen{\`e}ve}},
	doi          = {10.13097/ARCHIVE-OUVERTE/UNIGE:561},
	url          = {https://archive-ouverte.unige.ch/unige:561},
	editora      = {Rizzi, Luigi},
	editoratype  = {collaborator},
	collaborator = {Rizzi, Luigi},
	school       = {University of Geneva},
	type         = {{{PhD}} Thesis}
}
@inproceedings{Rissman2016,
	title        = {Cinderella Broke and Broke: {{Object}} Deletion and Manner-Result Complementarity},
	author       = {Rissman, Lilia},
	year         = 2016,
	booktitle    = {Proceedings of {{CLS}} 51},
	publisher    = {{Chicago Linguistic Society}},
	pages        = {425--439},
	isbn         = {978-0-914203-86-5}
}
@article{Ruda2014,
	title        = {Missing Objects in Special Registers: {{The}} Syntax of Null Objects in {{English}}},
	author       = {Ruda, Marta},
	year         = 2014,
	journal      = {Canadian Journal of Linguistics/Revue canadienne de linguistique},
	volume       = 59,
	number       = 3,
	pages        = {339--372},
	doi          = {10.1017/S0008413100000396},
	issn         = {0008-4131, 1710-1115},
	url          = {https://www.cambridge.org/core/product/identifier/S0008413100000396/type/journal\%5Farticle}
}
@book{Ruda2017,
	title        = {On the {{Syntax}} of {{Missing Objects}}: {{A}} Study with Special Reference to {{English}}, {{Polish}}, and {{Hungarian}}},
	author       = {Ruda, Marta},
	year         = 2017,
	location     = {{Amsterdam}},
	publisher    = {{John Benjamins Publishing Company}},
	address      = {{Amsterdam}},
	series       = {Linguistik {{Aktuell}}/{{Linguistics Today}}},
	volume       = 244,
	doi          = {10.1075/la.244},
	isbn         = {978-90-272-5727-7},
	url          = {http://www.jbe-platform.com/content/books/9789027264831}
}
@article{RuppenhoferMichaelis2010,
	title        = {A Constructional Account of Genre-Based Argument Omissions},
	author       = {Ruppenhofer, Josef and Michaelis, Laura A},
	year         = 2010,
	journal      = {Constructions and Frames},
	volume       = 2,
	number       = 2,
	pages        = {158--184},
	doi          = {10.1075/cf.2.2.02rup},
	issn         = {1876-1933, 1876-1941},
	url          = {http://www.jbe-platform.com/content/journals/10.1075/cf.2.2.02rup}
}
@article{scott2006less,
	title        = {When less is more: Implicit arguments and relevance theory},
	author       = {Scott, Kate},
	year         = 2006,
	journal      = {UCL Working Papers in Linguistics},
	volume       = 18,
	pages        = {139--170}
}
@article{StarkMeier2017,
	title        = {Argument {{Drop}} in {{Swiss WhatsApp Messages}}},
	author       = {Stark, Elisabeth and Meier, Petra},
	year         = 2017,
	journal      = {Zeitschrift f{\"u}r franz{\"o}sische Sprache und Literatur},
	volume       = 127,
	number       = 3,
	pages        = 30
}
@inproceedings{sugayama2007cognitive,
	title        = {How cognitive/discourse factors can influence argument realisation: A case of object omission},
	author       = {Sugayama, Kensei},
	year         = 2007,
	booktitle    = {38th Poznan Linguistic Meeting}
}
@article{TsimpliPapadopoulou2006,
	title        = {Aspect and Argument Realization: {{A}} Study on Antecedentless Null Objects in {{Greek}}},
	author       = {Tsimpli, Ianthi Maria and Papadopoulou, Despina},
	year         = 2006,
	journal      = {Lingua},
	volume       = 116,
	number       = 10,
	pages        = {1595--1615},
	doi          = {10.1016/j.lingua.2005.07.011},
	issn         = {00243841},
	url          = {https://linkinghub.elsevier.com/retrieve/pii/S0024384106000945}
}
@article{Weir2017,
	title        = {Object Drop and Article Drop in Reduced Written Register},
	author       = {Weir, Andrew},
	year         = 2017,
	journal      = {Linguistic Variation},
	volume       = 17,
	number       = 2,
	pages        = {157--185},
	doi          = {10.1075/lv.14016.wei},
	issn         = {2211-6834, 2211-6842},
	url          = {http://www.jbe-platform.com/content/journals/10.1075/lv.14016.wei}
}
@article{Wright2002,
	title        = {Transitivity and {{Change}} of {{State Verbs}}},
	author       = {Wright, Saundra K},
	year         = 2002,
	journal      = {Annual Meeting of the Berkeley Linguistics Society},
	volume       = 28,
	number       = 1,
	pages        = 339,
	doi          = {10.3765/bls.v28i1.3849},
	issn         = {2377-1666, 0363-2946},
	url          = {http://journals.linguisticsociety.org/proceedings/index.php/BLS/article/view/3849}
}
@article{ConklinEtAl2004,
	title        = {The Role of Specificity in the Lexical Encoding of Participants},
	author       = {Conklin, Kathy and Koenig, Jean-Pierre and Mauner, Gail},
	year         = 2004,
	journal      = {Brain and Language},
	volume       = 90,
	number       = {1-3},
	pages        = {221--230},
	doi          = {10.1016/S0093-934X(03)00435-8},
	issn         = {0093934X},
	url          = {https://linkinghub.elsevier.com/retrieve/pii/S0093934X03004358}
}
@article{Donohue2004,
	title        = {On the Special Status of Instrumentals},
	author       = {Donohue, Cathryn},
	year         = 2004,
	booktitle    = {Proceedings of the {{LFG04 Conference}}},
	publisher    = {{CSLI Publications}},
	address      = {{University of Canterbury}},
	pages        = 4
}
@article{DosherCorbett1982,
	title        = {Instrument Inferences and Verb Schemata},
	author       = {Dosher, Barbara Anne and Corbett, Albert T},
	year         = 1982,
	journal      = {Memory \& Cognition},
	volume       = 10,
	number       = 6,
	pages        = {531--539},
	doi          = {10.3758/BF03202435},
	issn         = {0090-502X},
	url          = {http://link.springer.com/10.3758/BF03202435}
}
@article{KoenigEtAl2002,
	title        = {Class {{Specificity}} and the {{Lexical Encoding}} of {{Participant Information}}},
	author       = {Koenig, Jean-Pierre and Mauner, Gail and Bienvenue, Breton},
	year         = 2002,
	journal      = {Brain and Language},
	volume       = 81,
	number       = {1-3},
	pages        = {224--235},
	doi          = {10.1006/brln.2001.2519},
	issn         = {0093934X},
	url          = {https://linkinghub.elsevier.com/retrieve/pii/S0093934X01925192}
}
@article{KoenigEtAl2007,
	title        = {What with? {{The Anatomy}} of a ({{Proto}})-{{Role}}},
	author       = {Koenig, Jean-Pierre and Mauner, Gail and Bienvenue, Breton and Conklin, Kathy},
	year         = 2007,
	journal      = {Journal of Semantics},
	volume       = 25,
	number       = 2,
	pages        = {175--220},
	doi          = {10.1093/jos/ffm013},
	issn         = {0167-5133, 1477-4593},
	url          = {https://academic.oup.com/jos/article-lookup/doi/10.1093/jos/ffm013}
}
@article{LockridgeBrennan2002,
	title        = {Addressees' Needs Influence Speakers' Early Syntactic Choices},
	author       = {Lockridge, Calion B and Brennan, Susan E},
	year         = 2002,
	journal      = {Psychonomic Bulletin \& Review},
	volume       = 9,
	number       = 3,
	pages        = {550--557},
	doi          = {10.3758/BF03196312},
	issn         = {1069-9384, 1531-5320},
	url          = {http://link.springer.com/10.3758/BF03196312}
}
@incollection{rakosi2013down,
	title        = {Down with obliques?},
	author       = {R{\'a}kosi, Gy{\"o}rgy},
	year         = 2013,
	journal      = {From quirky case to representing space: Papers in honor of Annie Zaenen},
	pages        = {127--138},
	editor       = {Holloway King, Tracy and de Paivaszerk, Valeria}
}
@article{Rissman2010,
	title        = {Instrumental with, Locatum with and the Argument/Adjunct Distinction},
	author       = {Rissman, Lilia},
	year         = 2010,
	journal      = {LSA Annual Meeting Extended Abstracts},
	volume       = 1,
	pages        = 23,
	doi          = {10.3765/exabs.v0i0.502},
	issn         = {2377-3367},
	url          = {http://journals.linguisticsociety.org/proceedings/index.php/ExtendedAbs/article/view/502}
}
@article{RissmanEtAl2015,
	title        = {Using Instruments to Understand Argument Structure: {{Evidence}} for Gradient Representation},
	author       = {Rissman, Lilia and Rawlins, Kyle and Landau, Barbara},
	year         = 2015,
	journal      = {Cognition},
	volume       = 142,
	pages        = {266--290},
	doi          = {10.1016/j.cognition.2015.05.015},
	issn         = {00100277},
	url          = {https://linkinghub.elsevier.com/retrieve/pii/S0010027715001122}
}
@article{RissmanRawlins2017,
	title        = {Ingredients of {{Instrumental Meaning}}},
	author       = {Rissman, Lilia and Rawlins, Kyle},
	year         = 2017,
	journal      = {Journal of Semantics},
	volume       = 34,
	number       = 3,
	pages        = {507--537},
	doi          = {10.1093/jos/ffx003},
	issn         = {0167-5133, 1477-4593},
	url          = {https://academic.oup.com/jos/article/34/3/507/3829479}
}
@article{VarvaraJezek2014,
	title        = {Semantic Role Annotation of Instrument Subjects},
	author       = {Varvara, Rossella and Je{\v z}ek, Elisabetta},
	year         = 2014,
	booktitle    = {First {{Italian Conference}} on {{Computational Linguistics}}},
	publisher    = {{Pisa University Press}},
	address      = {{Pisa}},
	pages        = 5,
	doi          = {10.12871/CLICIT2014174}
}
@article{KoenigEtAl2003,
	title        = {Arguments for Adjuncts},
	author       = {Koenig, Jean-Pierre and Mauner, Gail and Bienvenue, Breton},
	year         = 2003,
	journal      = {Cognition},
	volume       = 89,
	number       = 2,
	pages        = {67--103},
	doi          = {10.1016/S0010-0277(03)00082-9},
	issn         = {00100277}
}
@inproceedings{FerraresiEtAl2008,
	title        = {Introducing and Evaluating Ukwac, a Very Large Web-Derived Corpus of English},
	author       = {Ferraresi, Adriano and Zanchetta, Eros and Baroni, Marco and Bernardini, Silvia},
	year         = 2008,
	booktitle    = {In {{Proceedings}} of the 4th {{Web}} as {{Corpus Workshop}} ({{WAC}}-4}
}
@incollection{hartkemeyer2000ot,
	title        = {An OT approach to atonic vowel loss patterns in Old French and Old Spanish},
	author       = {Hartkemeyer, Dale},
	year         = 2000,
	booktitle    = {New Approaches to Old Problems: Issues in Romance Historical Linguistics},
	pages        = {65--84},
	editor       = {Dworkin, Steven Norman and Wanner, Dieter}
}
@inproceedings{wasow2007gradient,
	title        = {Gradient data and gradient grammars},
	author       = {Wasow, Thomas},
	year         = 2007,
	booktitle    = {Proceedings from the Annual Meeting of the Chicago Linguistic Society},
	volume       = 43,
	number       = 1,
	pages        = {255--271},
	organization = {Chicago Linguistic Society}
}
@inproceedings{buchwald2002recoverability,
	title        = {Recoverability Optimality Theory: Discourse anaphora in a bidirectional framework},
	author       = {Buchwald, Adam and Schwartz, Oren and Seidl, Amanda and Smolensky, Paul},
	year         = 2002,
	booktitle    = {Proceedings of the 6th international workshop on formal semantics and pragmatics of dialogue, edilog},
	pages        = {37--44}
}
@book{kucera1967brownCorpus,
	title        = {Computational analysis of present-day American English},
	author       = {Ku{\v c}era, Henry and Francis, Winthrop Nelson},
	year         = 1967,
	publisher    = {University Press of New England}
}
@article{bach1986algebra,
	title        = {The algebra of events},
	author       = {Bach, Emmon},
	year         = 1986,
	journal      = {Linguistics and philosophy},
	publisher    = {Springer},
	volume       = 9,
	number       = 1,
	pages        = {5--16}
}
@book{dowty2012word1979,
	title        = {Word meaning and Montague grammar: The semantics of verbs and times in generative semantics and in Montague's PTQ},
	author       = {Dowty, David Roach},
	year         = {1979 [2012]},
	publisher    = {Springer Science \& Business Media},
	volume       = 7
}
@book{macwhinney2000childesCorpus,
	title        = {The CHILDES Project: Tools for analyzing talk},
	author       = {MacWhinney, Brian},
	year         = 2000,
	publisher    = {Psychology Press},
	volume       = 1
}
@book{talmy2000toward,
	title        = {{Toward} a cognitive semantics},
	author       = {Talmy, Leonard},
	year         = 2000,
	publisher    = {MIT Press},
	volume       = 2
}
@article{Miller1995,
	title        = {{{WordNet}}: A Lexical Database for {{English}}},
	author       = {Miller, George A},
	year         = 1995,
	journal      = {Communications of the ACM},
	volume       = 38,
	number       = 11,
	pages        = {39--41},
	doi          = {10.1145/219717.219748},
	issn         = {0001-0782}
}

@inproceedings{AlexopoulouKeller2006,
	title        = {Gradience and Parametric Variation},
	author       = {Alexopoulou, Theodora and Keller, Frank},
	year         = 2006,
	booktitle    = {{{ExLing}} 2006: 1st {{Tutorial}} and {{Research Workshop}} on {{Experimental Linguistics}}},
	pages        = {69--72}
}
@article{Allerton1975,
	title        = {Deletion and Proform Reduction},
	author       = {Allerton, David J},
	year         = 1975,
	journal      = {Journal of Linguistics},
	publisher    = {{Cambridge University Press}},
	volume       = 11,
	number       = 2,
	pages        = {213--237},
	doi          = {10.1017/S0022226700004540},
	issn         = {1469-7742, 0022-2267}
}
@incollection{Amberber2009,
	title        = {Quirky Alternation of Transitivity: {{The}} Case of Ingestive Predicates},
	author       = {Amberber, Mengistu},
	year         = 2009,
	booktitle    = {The {{Linguistics}} of {{Eating}} and {{Drinking}}},
	publisher    = {{John Benjamins Publishing}},
	isbn         = {978-90-272-2998-4}
}
@article{Andrason2018,
	title        = {The {{Argument}}-{{Adjunct Scale}}: {{Applied Nominal}} and {{Locative Phrases}} in {{Xhosa}}},
	author       = {Andrason, Alexander},
	year         = 2018,
	journal      = {Linguistic Discovery},
	volume       = 16,
	number       = 2,
	doi          = {10.1349/PS1.1537-0852.A.478},
	issn         = {1537-0852}
}
@article{Arka2014,
	title        = {Locative-{{Related Roles}} and the {{Argument}}-{{Adjunct Distinction}} in {{Balinese}}},
	author       = {Arka, I Wayan},
	year         = 2014,
	journal      = {Linguistic Discovery},
	volume       = 12,
	number       = 2,
	doi          = {10.1349/PS1.1537-0852.A.446},
	issn         = {1537-0852}
}
@book{Arsenijevic2006,
	title        = {Inner Aspect and Telicity the Decompositional and the Quantificational Nature of Eventualities at the Syntax-Semantic Interface},
	author       = {Arsenijevi{\'c}, Boban},
	year         = 2006,
	isbn         = {978-90-78328-13-1}
}
@article{Aurnague2011,
	title        = {How Motion Verbs Are Spatial: {{The}} Spatial Foundations of Intransitive Motion Verbs in {{French}}},
	author       = {Aurnague, Michel},
	year         = 2011,
	journal      = {Lingvisticae Investigationes},
	volume       = 34,
	number       = 1,
	pages        = {1--34},
	doi          = {10.1075/li.34.1.01aur},
	issn         = {0378-4169, 1569-9927}
}
@article{BaderHaussler2010,
	title        = {Toward a Model of Grammaticality Judgments},
	author       = {Bader, Markus and H{\"a}ussler, Jana},
	year         = 2010,
	journal      = {Journal of Linguistics},
	volume       = 46,
	number       = 2,
	pages        = {273--330},
	doi          = {10.1017/S0022226709990260},
	issn         = {0022-2267, 1469-7742}
}
@phdthesis{Barbu2015,
	title        = {Verbs and {{Participants}}: {{Nonlinguists}}' {{Intuitions}}},
	author       = {Barbu, Roxana-Maria},
	year         = 2015,
	address      = {{Ottawa, Ontario}},
	doi          = {10.22215/etd/2015-10810},
	school       = {Carleton University},
	type         = {Master of {{Cognitive Science}}}
}
@article{Beavers2013,
	title        = {Aspectual Classes and Scales of Change},
	author       = {Beavers, John},
	year         = 2013,
	journal      = {Linguistics},
	volume       = 51,
	number       = 4,
	doi          = {10.1515/ling-2013-0024},
	issn         = {1613-396X, 0024-3949}
}
@article{BeaversEtAl2010,
	title        = {The Typology of Motion Expressions Revisited},
	author       = {Beavers, John and Levin, Beth and Wei Tham, Shiao},
	year         = 2010,
	journal      = {Journal of Linguistics},
	volume       = 46,
	number       = 2,
	pages        = {331--377},
	doi          = {10.1017/S0022226709990272},
	issn         = {0022-2267, 1469-7742}
}
@article{BeaversKoontzGarboden2012,
	title        = {Manner and {{Result}} in the {{Roots}} of {{Verbal Meaning}}},
	author       = {Beavers, John and {Koontz-Garboden}, Andrew},
	year         = 2012,
	journal      = {Linguistic Inquiry},
	publisher    = {{The MIT Press}},
	volume       = 43,
	number       = 3,
	pages        = {331--369},
	issn         = {0024-3892}
}
@article{BeaversKoontzGarboden2017,
	title        = {Result Verbs, Scalar Change, and the Typology of Motion Verbs},
	author       = {Beavers, John and {Koontz-Garboden}, Andrew},
	year         = 2017,
	journal      = {Language},
	volume       = 93,
	number       = 4,
	pages        = {842--876},
	doi          = {10.1353/lan.2017.0060},
	issn         = {1535-0665}
}
@article{BermelKnittl2012,
	title        = {Corpus Frequency and Acceptability Judgments: {{A}} Study of Morphosyntactic Variants in {{Czech}}},
	author       = {Bermel, Neil and Knittl, Lud{\v e}k},
	year         = 2012,
	journal      = {Corpus Linguistics and Linguistic Theory},
	volume       = 8,
	number       = 2,
	pages        = {241--275},
	doi          = {10.1515/cllt-2012-0010},
	issn         = {1613-7035, 1613-7027}
}
@article{BertinettoLenci2010,
	title        = {Iterativity vs. Habituality (and Gnomic Imperfectivity)},
	author       = {Bertinetto, Pier Marco and Lenci, Alessandro},
	year         = 2010,
	pages        = 47
}
@article{BirchClifton1995,
	title        = {Focus, {{Accent}}, and {{Argument Structure}}: {{Effects}} on {{Language Comprehension}}},
	author       = {Birch, Stacy and Clifton, Charles},
	year         = 1995,
	journal      = {Language and Speech},
	volume       = 38,
	number       = 4,
	pages        = {365--391},
	doi          = {10.1177/002383099503800403},
	issn         = {0023-8309, 1756-6053}
}
@article{BirchClifton2002,
	title        = {Effects of Varying Focus and Accenting of Adjuncts on the Comprehension of Utterances},
	author       = {Birch, Stacy and Clifton, Charles},
	year         = 2002,
	journal      = {Journal of Memory and Language},
	pages        = 18
}
@inproceedings{boersma1997we,
	title        = {How we learn variation, optionality, and probability},
	author       = {Boersma, Paul and others},
	year         = 1997,
	booktitle    = {Proceedings of the Institute of Phonetic Sciences of the University of Amsterdam},
	volume       = 21,
	pages        = {43--58}
}
@misc{Boersma2004,
	title        = {A Stochastic {{OT}} Account of Paralinguistic Tasks Such as Grammaticality and Prototypicality Judgments},
	author       = {Boersma, Paul},
	year         = 2004,
	journal      = {Unpublished manuscript, University of Amsterdam. Rutgers Optimality Archive}
}
@article{Boland2005,
	title        = {Visual Arguments},
	author       = {Boland, Julie E},
	year         = 2005,
	journal      = {Cognition},
	volume       = 95,
	number       = 3,
	pages        = {237--274},
	doi          = {10.1016/j.cognition.2004.01.008},
	issn         = {00100277}
}
@article{BolandBlodgett2006,
	title        = {Argument {{Status}} and {{PP}}-{{Attachment}}},
	author       = {Boland, Julie E. and Blodgett, Allison},
	year         = 2006,
	journal      = {Journal of Psycholinguistic Research},
	volume       = 35,
	number       = 5,
	pages        = {385--403},
	doi          = {10.1007/s10936-006-9021-z},
	issn         = {0090-6905, 1573-6555}
}
@article{BolandBoehmJernigan1998,
	title        = {Lexical {{Constraints}} and {{Prepositional Phrase Attachment}}},
	author       = {Boland, Julie E and {Boehm-Jernigan}, Heather},
	year         = 1998,
	journal      = {Journal of Memory and Language},
	volume       = 39,
	number       = 4,
	pages        = {684--719},
	doi          = {10.1006/jmla.1998.2591},
	issn         = {0749596X}
}
@article{BornkesselSchlesewsky2007,
	title        = {The Wolf in Sheep's Clothing: {{Against}} a New Judgement-Driven Imperialism},
	author       = {{Bornkessel-Schlesewsky}, Ina and Schlesewsky, Matthias},
	year         = 2007,
	journal      = {Theoretical Linguistics},
	volume       = 33,
	number       = 3,
	doi          = {10.1515/TL.2007.021},
	issn         = {0301-4428, 1613-4060}
}
@article{BrehmGoldrick2017,
	title        = {Distinguishing Discrete and Gradient Category Structure in Language: {{Insights}} from Verb-Particle Constructions.},
	author       = {Brehm, Laurel and Goldrick, Matthew},
	year         = 2017,
	journal      = {Journal of Experimental Psychology: Learning, Memory, and Cognition},
	volume       = 43,
	number       = 10,
	pages        = {1537--1556},
	doi          = {10.1037/xlm0000390},
	issn         = {1939-1285, 0278-7393}
}
@article{bresnan2007probabilistic,
	title        = {Is syntactic knowledge probabilistic? Experiments with the English dative alternation},
	author       = {Bresnan, Joan and Featherston, Sam and Sternefeld, Wolfgang},
	year         = 2007,
	journal      = {Roots: Linguistics in search of its evidential base},
	volume       = 96,
	pages        = {77--96}
}
@article{Bresnan1982,
	title        = {Control and {{Complementation}}},
	author       = {Bresnan, Joan},
	year         = 1982,
	journal      = {Linguistic Inquiry},
	volume       = 13,
	number       = 3,
	pages        = {343--434}
}
@article{BresnanHay2008,
	title        = {Gradient Grammar: {{An}} Effect of Animacy on the Syntax of Give in {{New Zealand}} and {{American English}}},
	author       = {Bresnan, Joan and Hay, Jennifer},
	year         = 2008,
	journal      = {Lingua},
	volume       = 118,
	number       = 2,
	pages        = {245--259},
	doi          = {10.1016/j.lingua.2007.02.007},
	issn         = {00243841}
}
@article{BresnanNikitina2008,
	title        = {The {{Gradience}} of the {{Dative Alternation}}},
	author       = {Bresnan, Joan and Nikitina, Tatiana},
	year         = 2008,
	pages        = 23
}
@inproceedings{BriscoeCarroll1997,
	title        = {Automatic Extraction of Subcategorization from Corpora},
	author       = {Briscoe, Ted and Carroll, John},
	year         = 1997,
	booktitle    = {Proceedings of the Fifth Conference on {{Applied}} Natural Language Processing  -},
	publisher    = {{Association for Computational Linguistics}},
	address      = {{Washington, DC}},
	pages        = {356--363},
	doi          = {10.3115/974557.974609}
}
@misc{Bross2019tutorial,
	title        = {Using {{Mixed Effect Models}} to {{Analyze Acceptability Rating Data in Linguistics}}},
	author       = {Bross, Fabian},
	year         = 2019,
	pages        = 34,
	url          = {http://www.fabianbross.de/mixedmodels.pdf}
}
@article{Bross2019,
	title        = {Acceptability {{Ratings}} in {{Linguistics}}: {{A Practical Guide}} to {{Grammaticality Judgments}}, {{Data Collection}}, and {{Statistical}}},
	author       = {Bross, Fabian},
	year         = 2019,
	pages        = 91,
	url          = {https://www.researchgate.net/profile/Fabian-Bross/publication/331907551\%5FAcceptability\%5FRatings\%5Fin\%5FLinguistics\%5FA\%5FPractical\%5FGuide\%5Fto\%5FGrammaticality\%5FJudgments\%5FData\%5FCollection\%5Fand\%5FStatistical\%5FAnalysis/links/5c9e3e7b45851506d7340bf3/Acceptability-Ratings-in-Linguistics-A-Practical-Guide-to-Grammaticality-Judgments-Data-Collection-and-Statistical-Analysis.pdf}
}
@article{Cardini2008,
	title        = {Manner of Motion Saliency: {{An}} Inquiry into {{Italian}}},
	author       = {Cardini, Filippo Enrico},
	year         = 2008,
	journal      = {Cognitive Linguistics},
	volume       = 19,
	number       = 4,
	doi          = {10.1515/COGL.2008.021},
	issn         = {0936-5907, 1613-3641}
}
@article{CennamoLenci2019,
	title        = {Gradience in {{Subcategorization}}? {{Locative Phrases}} with {{Italian Verbs}} of {{Motion}}},
	author       = {Cennamo, Michela and Lenci, Alessandro},
	year         = 2019,
	journal      = {Studia Linguistica},
	volume       = 73,
	number       = 2,
	pages        = {369--397},
	doi          = {10.1111/stul.12095},
	issn         = {0039-3193, 1467-9582}
}
@article{CliftonEtAl1991,
	title        = {Parsing Arguments: {{Phrase}} Structure and Argument Structure as Determinants of Initial Parsing Decisions},
	author       = {Clifton, Charles and Speer, Shari and Abney, Steven P},
	year         = 1991,
	journal      = {Journal of Memory and Language},
	volume       = 30,
	number       = 2,
	pages        = {251--271},
	doi          = {10.1016/0749-596X(91)90006-6},
	issn         = {0749596X}
}
@article{CollinsEtAl2009,
	title        = {Imposters: {{An Online Survey}} of {{Grammaticality Judgments}}},
	author       = {Collins, Chris and Guitard, Stephanie N and Wood, Jim},
	year         = 2009,
	volume       = 2,
	pages        = 22,
}
@incollection{CondoravdiGawron1996,
	title        = {The {{Context}}-{{Dependency}} of {{Implicit Arguments}}},
	author       = {Condoravdi, Cleo and Gawron, Jean Mark},
	year         = 1996,
	booktitle    = {Quantifiers, {{Deduction}}, and {{Context}}},
	publisher    = {{CSLI Publications}},
	address      = {{Stanford, CA}},
	pages        = {1--32}
}
@phdthesis{Cote1996,
	title        = {Grammatical and Discourse Properties of Null Arguments in {{English}}},
	author       = {Cote, Sharon Ann},
	year         = 1996,
	school       = {University of Pennsylvania}
}
@article{Creissels2014,
	title        = {Cross-{{Linguistic Variation}} in the {{Treatment}} of {{Beneficiaries}} and the {{Argument}} vs. {{Adjunct Distinction}}},
	author       = {Creissels, Denis},
	year         = 2014,
	journal      = {Linguistic Discovery},
	volume       = 12,
	number       = 2,
	doi          = {10.1349/PS1.1537-0852.A.445},
	issn         = {1537-0852}
}
@incollection{CrockerKeller2006,
	title        = {Probabilistic {{Grammars}} as {{Models}} of {{Gradience}} in {{Language Processing}}},
	author       = {Crocker, Matthew and Keller, Frank},
	year         = 2006,
	booktitle    = {Gradience in {{Grammar}}: {{Generative Perspectives}}}
}
@article{DenDikken2010,
	title        = {Directions from the {{GET}}-{{GO}}. {{On}} the Syntax of Manner-of-Motion Verbs in Directional Constructions},
	author       = {Den Dikken, Marcel},
	year         = 2010,
	journal      = {Catalan Journal of Linguistics},
	volume       = 9,
	number       = 1,
	pages        = 23,
	doi          = {10.5565/rev/catjl.93},
	issn         = {2014-9719, 1695-6885}
}
@article{Depraetere1995,
	title        = {On the Necessity of Distinguishing between (Un)Boundedness and (a)Telicity},
	author       = {Depraetere, Ilse},
	year         = 1995,
	journal      = {Linguistics and Philosophy},
	volume       = 18,
	number       = 1,
	pages        = {1--19},
	doi          = {10.1007/BF00984959},
	issn         = {0165-0157, 1573-0549}
}
@techreport{DillonWagers2019,
	title        = {Approaching Gradience in Acceptability with the Tools of Signal Detection Theory},
	author       = {Dillon, Brian and Wagers, Matthew},
	year         = 2019,
	doi          = {10.31219/osf.io/apxru},
	institution  = {{Open Science Framework}},
	type         = {Preprint}
}
@incollection{DiniDiTomaso1999,
	title        = {Linking {{Theory}} and {{Lexical Ambiguity}}: {{The Case}} of {{Italian Motion Verbs}}},
	author       = {Dini, Luca and Di Tomaso, Vittorio},
	year         = 1999,
	booktitle    = {Computing {{Meaning}}},
	publisher    = {{Springer Netherlands}},
	address      = {{Dordrecht}},
	volume       = 73,
	pages        = {321--337},
	doi          = {10.1007/978-94-011-4231-1\_16},
	isbn         = {978-1-4020-0290-8},
	editor       = {Chierchia, Gennaro and Jacobson, Pauline and Pelletier, Francis J and Bunt, Harry and Muskens, Reinhard}
}
@book{Dixon1992,
	title        = {A {{New Approach}} to {{English Grammar}}, on {{Semantic Principles}}},
	author       = {Dixon, Robert M W},
	year         = 1992,
	publisher    = {{Clarendon Press}},
	isbn         = {978-0-19-824057-0}
}
@incollection{Dowty2003,
	title        = {The Dual Analysis of Adjuncts/Complements in {{Categorial Grammar}}},
	author       = {Dowty, David Roach},
	year         = 2003,
	booktitle    = {Modifying {{Adjuncts}}},
	publisher    = {{De Gruyter}},
	address      = {{Berlin, Boston}},
	doi          = {10.1515/9783110894646.33},
	isbn         = {978-3-11-089464-6},
	editor       = {Lang, Ewald and Maienborn, Claudia and {Fabricius-Hansen}, Cathrine}
}
@phdthesis{Dvorak2017thesis,
	title        = {Generic and Indefinite Null Objects},
	author       = {Dvo{\v r}{\'a}k, V{\v e}ra},
	year         = 2017,
	school       = {Rutgers University New Brunswick},
	type         = {{{PhD}} Thesis}
}
@article{EndresenJanda2017,
	title        = {Five Statistical Models for {{Likert}}-Type Experimental Data on Acceptability Judgments},
	author       = {Endresen, Anna and Janda, Laura A},
	year         = 2017,
	journal      = {Journal of Research Design and Statistics in Linguistics and Communication Science},
	volume       = 3,
	number       = 2,
	pages        = {217--250},
	doi          = {10.1558/jrds.30822},
	issn         = {2052-417X, 2052-4188}
}
@article{Eniko2014,
	title        = {Implicit Arguments at the Grammar-Pragmatics Interface: {{Some}} Methodological Considerations},
	author       = {Enik{\H o}, N{\'e}meth},
	year         = 2014,
	journal      = {Argumentum},
	volume       = 10,
	pages        = {679--694}
}
@article{ErlewineKotek2016,
	title        = {A Streamlined Approach to Online Linguistic Surveys},
	author       = {Erlewine, Michael Yoshitaka and Kotek, Hadas},
	year         = 2016,
	journal      = {Natural Language \& Linguistic Theory},
	volume       = 34,
	number       = 2,
	pages        = {481--495},
	doi          = {10.1007/s11049-015-9305-9},
	issn         = {0167-806X, 1573-0859}
}
@article{FerrettiEtAl2001,
	title        = {Integrating {{Verbs}}, {{Situation Schemas}}, and {{Thematic Role Concepts}}},
	author       = {Ferretti, Todd R and McRae, Ken and Hatherell, Andrea},
	year         = 2001,
	journal      = {Journal of Memory and Language},
	volume       = 44,
	number       = 4,
	pages        = {516--547},
	doi          = {10.1006/jmla.2000.2728},
	issn         = {0749596X}
}
@article{filip2004telicity,
	title        = {The telicity parameter revisited},
	author       = {Filip, Hana},
	year         = 2004,
	booktitle    = {Semantics and Linguistic Theory},
	volume       = 14,
	pages        = {92--109}
}
@incollection{FolliRamchand2005,
	title        = {Prepositions and {{Results}} in {{Italian}} and {{English}}: {{An Analysis}} from {{Event Decomposition}}},
	author       = {Folli, Raffaella and Ramchand, Gillian},
	year         = 2005,
	booktitle    = {Perspectives on {{Aspect}}},
	publisher    = {{Springer Netherlands}},
	address      = {{Dordrecht}},
	pages        = {81--105},
	doi          = {10.1007/1-4020-3232-3\_5},
	isbn         = {978-1-4020-3230-1}
}
@article{Fonagy1985,
	title        = {J'aime, Je Connais. {{Verbes}} Transitifs {\`a} Objet Latent},
	author       = {F{\'o}nagy, Ivan},
	year         = 1985,
	journal      = {Revue Romane},
	volume       = 20,
	number       = 1,
	pages        = {3--35},
	issn         = {1600-0811}
}
@article{Forker2014,
	title        = {A {{Canonical Approach}} to the {{Argument}}/{{Adjunct Distinction}}},
	author       = {Forker, Diana},
	year         = 2014,
	journal      = {Linguistic Discovery},
	volume       = 12,
	number       = 2,
	doi          = {10.1349/PS1.1537-0852.A.444},
	issn         = {1537-0852}
}
@article{Garcia-VelascoMunoz2002,
	title        = {Understood {{Objects}} in {{Functional Grammar}}},
	author       = {{Garc{\'i}a-Velasco}, Daniel and Mu{\~n}oz, Carmen Portero},
	year         = 2002,
	journal      = {Working papers in functional grammar},
	volume       = 76,
	pages        = 25
}
@inproceedings{Gildea2002,
	title        = {Probabilistic Models of Verb-Argument Structure},
	author       = {Gildea, Daniel},
	year         = 2002,
	booktitle    = {Proceedings of the 19th International Conference on {{Computational}} Linguistics  -},
	publisher    = {{Association for Computational Linguistics}},
	address      = {{Taipei, Taiwan}},
	volume       = 1,
	pages        = {1--7},
	doi          = {10.3115/1072228.1072360}
}
@misc{Gillon2006,
	title        = {English {{Relational Words}}, {{Context Sensitivity}} and {{Implicit Arguments}}},
	author       = {Gillon, Brendan S},
	year         = 2006,
	url          = {https://semanticsarchive.net/Archive/jk5ZjU1O/implicit-argument.pdf}
}
@incollection{Goldberg2005,
	title        = {Argument Realization: {{The}} Role of Constructions, Lexical Semantics and Discourse Factors},
	author       = {Goldberg, Adele E.},
	year         = 2005,
	booktitle    = {Constructional {{Approaches}} to {{Language}}},
	publisher    = {{John Benjamins Publishing Company}},
	address      = {{Amsterdam}},
	volume       = 3,
	pages        = {17--43},
	doi          = {10.1075/cal.3.03gol},
	isbn         = {978-90-272-1823-0},
	editor       = {{\"O}stman, Jan-Ola and Fried, Mirjam}
}
@article{GoldbergAckerman2001,
	title        = {The {{Pragmatics}} of {{Obligatory Adjuncts}}},
	author       = {Goldberg, Adele and Ackerman, Farrell},
	year         = 2001,
	journal      = {Language},
	volume       = 77,
	number       = 4,
	pages        = {798--814},
	doi          = {10.1353/lan.2001.0219},
	issn         = {1535-0665}
}
@incollection{GrimshawVikner1993,
	title        = {Obligatory {{Adjuncts}} and the {{Structure}} of {{Events}}},
	author       = {Grimshaw, Jane and Vikner, Sten},
	year         = 1993,
	booktitle    = {Knowledge and {{Language}}},
	publisher    = {{Springer Netherlands}},
	address      = {{Dordrecht}},
	pages        = {143--155},
	doi          = {10.1007/978-94-011-1842-2\_7},
	isbn         = {978-94-010-4813-2},
	editor       = {Reuland, Eric and Abraham, Werner}
}
@book{Haegeman1994,
	title        = {Introduction to Government and Binding Theory},
	author       = {Haegeman, Liliane M V},
	year         = 1994,
	publisher    = {{Blackwell}},
	address      = {{Oxford, UK}},
	series       = {Blackwell Textbooks in Linguistics},
	number       = 1,
	isbn         = {978-0-631-19067-7},
	edition      = 2
}
@article{HareEtAl2003,
	title        = {Sense and Structure: {{Meaning}} as a Determinant of Verb Subcategorization Preferences},
	author       = {Hare, Mary and McRae, Ken and Elman, Jeffrey L},
	year         = 2003,
	journal      = {Journal of Memory and Language},
	volume       = 48,
	number       = 2,
	pages        = {281--303},
	doi          = {10.1016/S0749-596X(02)00516-8},
	issn         = {0749596X}
}
@article{Haspelmath2014,
	title        = {Arguments and {{Adjuncts}} as {{Language}}-{{Particular Syntactic Categories}} and as {{Comparative Concepts}}},
	author       = {Haspelmath, Martin},
	year         = 2014,
	journal      = {Linguistic Discovery},
	volume       = 12,
	number       = 2,
	doi          = {10.1349/PS1.1537-0852.A.442},
	issn         = {1537-0852}
}
@article{HayesEtAl2016,
	title        = {Looking for a Location: Dissociated effects of event-related plausibility and verb-argument information on predictive processing in Aphasia},
	author       = {Hayes, Rebecca A and Dickey, Michael Walsh and Warren, Tessa},
	year         = 2016,
	journal      = {American Journal of Speech-Language Pathology},
	volume       = 25,
	number       = 4,
	doi          = {10.1044/2016\_AJSLP-15-0145},
	issn         = {1058-0360, 1558-9110}
}
@article{HofmeisterEtAl2013,
	title        = {The Source Ambiguity Problem: {{Distinguishing}} the Effects of Grammar and Processing on Acceptability Judgments},
	author       = {Hofmeister, Philip and Jaeger, Florian T and Arnon, Inbal and Sag, Ivan A and Snider, Neal},
	year         = 2013,
	journal      = {Language and Cognitive Processes},
	volume       = 28,
	number       = {1-2},
	pages        = {48--87},
	doi          = {10.1080/01690965.2011.572401},
	issn         = {0169-0965, 1464-0732}
}
@incollection{Hovav2008,
	title        = {Lexicalized Meaning and the Internal Temporal Structure of Events},
	author       = {Hovav, Malka Rappaport},
	year         = 2008,
	booktitle    = {Linguistik {{Aktuell}}/{{Linguistics Today}}},
	publisher    = {{John Benjamins Publishing Company}},
	address      = {{Amsterdam}},
	volume       = 110,
	pages        = {13--42},
	doi          = {10.1075/la.110.03hov},
	isbn         = {978-90-272-3374-5},
	editor       = {Rothstein, Susan D}
}
@incollection{Hovav2014,
	title        = {Building Scalar Changes},
	author       = {Hovav, Malka Rappaport},
	year         = 2014,
	booktitle    = {The {{Syntax}} of {{Roots}} and the {{Roots}} of {{Syntax}}},
	publisher    = {{Oxford University Press}},
	pages        = {259--281},
	doi          = {10.1093/acprof:oso/9780199665266.003.0012},
	isbn         = {978-0-19-966526-6},
	editor       = {Alexiadou, Artemis and Borer, Hagit and Sch{\"a}fer, Florian}
}
@book{HuddlestonEtAl2002,
	title        = {The {{Cambridge Grammar}} of the {{English Language}}},
	author       = {Huddleston, Rodney and Huddleston, Rodney D. and Pullum, Geoffrey K. and Bauer, Laurie},
	year         = 2002,
	publisher    = {{Cambridge University Press}},
	isbn         = {978-0-521-43146-0}
}
@article{Iwata2002,
	title        = {Does {{MANNER}} Count or Not? {{Manner}}-of-Motion Verbs Revisited},
	author       = {Iwata, Seizi},
	year         = 2002,
	journal      = {Linguistics},
	volume       = 40,
	number       = 1,
	doi          = {10.1515/ling.2002.008},
	issn         = {0024-3949, 1613-396X}
}
@book{Jackendoff2003,
	title        = {Foundations of {{Language}}: {{Brain}}, {{Meaning}}, {{Grammar}}, {{Evolution}}},
	author       = {Jackendoff, Ray},
	year         = 2003,
	publisher    = {{Oxford University Press}},
	isbn         = {978-0-19-926437-7}
}
@article{JagerRosenbach2006,
	title        = {The Winner Takes It All - Almost: Cumulativity in Grammatical Variation},
	author       = {J{\"a}ger, Gerhard and Rosenbach, Anette},
	year         = 2006,
	journal      = {Linguistics},
	volume       = 44,
	number       = 5,
	doi          = {10.1515/LING.2006.031},
	issn         = {0024-3949, 1613-396X}
}
@article{Jeong2011,
	title        = {Omissibility of a {{Preposition}} in the {{Omission}} of a {{Prepositional Object}} in {{English Prepositional Phrases}}},
	author       = {Jeong, In-Sik},
	year         = 2011,
	journal      = {Linguistic Research},
	volume       = 28,
	number       = 1,
	pages        = {53--73},
	doi          = {10.17250/KHISLI.28.1.201104.004}
}
@article{junker2006semantics,
	title        = {The semantics and syntax of null complements},
	author       = {Junker, Marie-Odile and Stainton, Robert and Wearing, Catherine},
	year         = 2006,
	journal      = {Carleton University Cognitive Science Technical Reports},
	pages        = {2006--03}
}
@article{jurafsky2003probabilistic,
	title        = {Probabilistic modeling in psycholinguistics: Linguistic comprehension and production},
	author       = {Jurafsky, Dan},
	year         = 2003,
	journal      = {Probabilistic linguistics},
	volume       = 21
}
@misc{JuzekHaussler,
	title        = {Semantic {{Influences}} on {{Syntactic Acceptability Ratings}}},
	author       = {Juzek, Tom S and H{\"a}ussler, Jana},
	pages        = 17
}
@article{Kardos2010,
	title        = {The Argument Expression of Change-of-State Verbs and Pseudo-Transitive Verbs},
	author       = {Kardos, Eva},
	year         = 2010,
	journal      = {Bergen Language and Linguistics Studies},
	volume       = 1,
	doi          = {10.15845/bells.v1i1.50},
	issn         = {1892-2449}
}
@article{Kardos2019,
	title        = {Situation Aspectual Properties of Creation/Consumption Predicates},
	author       = {Kardos, Eva},
	year         = 2019,
	journal      = {Acta Linguistica Academica},
	publisher    = {{Akad{\'e}miai Kiad{\'o}}},
	volume       = 66,
	number       = 4,
	pages        = {491--525},
	doi          = {10.1556/2062.2019.66.4.2}
}
@phdthesis{Keller2000,
	title        = {Gradience in {{Grammar}}: {{Experimental}} and {{Computational Aspects}} of {{Degrees}} of {{Grammaticality}}},
	author       = {Keller, Frank},
	year         = 2000,
	school       = {University of Edinburgh},
	type         = {{{PhD}} Thesis}
}
@incollection{Keller2006,
	title        = {Linear {{Optimality Theory}} as a {{Model}} of {{Gradience}} in {{Grammar}}},
	author       = {Keller, Frank},
	year         = 2006,
	booktitle    = {Gradience in {{Grammar}}: {{Generative Perspectives}}}
}
@article{keller1997extraction,
	title        = {Extraction, gradedness, and optimality},
	author       = {Keller, Frank},
	year         = 1997,
	journal      = {University of Pennsylvania Working Papers in Linguistics},
	volume       = 4,
	number       = 2,
	pages        = 12
}
@article{KellerAsudeh2002,
	title        = {Probabilistic {{Learning Algorithms}} and {{Optimality Theory}}},
	author       = {Keller, Frank and Asudeh, Ash},
	year         = 2002,
	journal      = {Linguistic Inquiry},
	volume       = 33,
	number       = 2,
	pages        = {225--244},
	doi          = {10.1162/002438902317406704},
	issn         = {0024-3892, 1530-9150}
}
@article{Keller1998grammaticalityjudgments,
	title        = {Grammaticality {{Judgments}} and {{Linguistic Methodology}}},
	author       = {Keller, Frank},
	year         = 1998,
	journal      = {Research Paper EUCCS-RP-1998-3},
	pages        = 16
}
@inproceedings{KellerLapata1998,
	title        = {Object {{Drop}} and {{Discourse Accessibility}}},
	author       = {Keller, Frank and Lapata, Maria},
	year         = 1998,
	booktitle    = {Proceedings of the 17th {{West Coast Conference}} on {{Formal Linguistics}}},
	publisher    = {{CSLI Publications}},
	address      = {{Stanford, CA}},
	pages        = {362--374},
}
@article{KellerSorace2003,
	title        = {Gradient {{Auxiliary Selection}} and {{Impersonal Passivization}} in {{German}}: {{An Experimental Investigation}}},
	author       = {Keller, Frank and Sorace, Antonella},
	year         = 2003,
	journal      = {Journal of Linguistics},
	volume       = 39,
	number       = 1,
	pages        = {57--108},
}
@article{BoersmaHayes2001empirical,
	title        = {Empirical tests of the gradual learning algorithm},
	author       = {Boersma, Paul and Hayes, Bruce},
	year         = 2001,
	journal      = {Linguistic inquiry},
	publisher    = {MIT Press},
	volume       = 32,
	number       = 1,
	pages        = {45--86}
}
@inproceedings{keller1998gradient,
	title        = {Gradient grammaticality as an effect of selective constraint re-ranking},
	author       = {Keller, Frank},
	year         = 1998,
	booktitle    = {Papers from the 34th meeting of the Chicago Linguistic Society},
	volume       = 2,
	pages        = {95--109}
}
@incollection{KempenHarbusch2005,
	title        = {The {{Relationship}} between {{Grammaticality Ratings}} and {{Corpus Frequencies}}: {{A Case Study}} into {{Word Order Variability}} in the {{Midfield}} of {{German Clauses}}},
	author       = {Kempen, Gerard and Harbusch, Karin},
	year         = 2005,
	booktitle    = {Linguistic {{Evidence}}},
	publisher    = {{Mouton de Gruyter}},
	address      = {{Berlin, New York}},
	volume       = 85,
	pages        = {329--350},
	doi          = {10.1515/9783110197549.329},
	isbn         = {978-3-11-018312-2},
	editor       = {van Riemsdijk, Henk and van der Hulst, Harry and Koster, Jan and Kepser, Stephan and Reis, Marga},
}
@article{Kenesei1998,
	title        = {Adjuncts and Arguments in {{VP}}-Focus in {{Hungarian}}},
	author       = {Kenesei, Istv{\'a}n},
	year         = 1998,
	journal      = {Acta Linguistica Hungarica},
	volume       = 45,
	number       = {1-2},
	pages        = {61--88},
}
@article{Kennison,
	title        = {Comprehending {{Noun Phrase Arguments}} and {{Adjuncts}}},
	author       = {Kennison, Shelia M},
	pages        = 17,
}
@misc{KimEtAl2018,
	title        = {A Gradient Blend Analysis of {{English PP}} Verbal Dependents},
	author       = {Kim, Najoung and Rawlins, Kyle and Smolensky, Paul},
	year         = 2018,
}
@article{KimEtAl2019,
	title        = {Predicting the {{Argumenthood}} of {{English Prepositional Phrases}}},
	author       = {Kim, Najoung and Rawlins, Kyle and Van Durme, Benjamin and Smolensky, Paul},
	year         = 2019,
	archiveprefix = {arXiv},
	eprint       = {1809.07889},
	eprinttype   = {arxiv},
	primaryclass = {cs}
}
@article{KimEtAl2019a,
	title        = {{{The Complement}}-{{Adjunct Distinction As Gradient Blends}}: {{The Case Of English Prepositional Phrases}}},
	author       = {Kim, Najoung and Rawlins, Kyle and Smolensky, Paul},
	year         = 2019,
	pages        = 37,
}
@article{TesarSmolensky1993learnability,
	title        = {The Learnability of Optimality Theory: An Algorithm and Some Basic Complexity Results},
	author       = {Tesar, Bruce and Smolensky, Paul},
	year         = 1993,
	doi          = {10.7282/T34Q7SB7}
}
@article{Kizach2014,
	title        = {Analyzing {{Likert}}-Scale Data with Mixed-Effects Linear Models - a Simulation Study},
	author       = {Kizach, Johannes},
	year         = 2014,
	pages        = 1,
}
@inproceedings{KorhonenEtAl2000,
	title        = {Statistical Filtering and Subcategorization Frame Acquisition},
	author       = {Korhonen, Anna and Gorrell, Genevieve and McCarthy, Diana},
	year         = 2000,
	booktitle    = {Proceedings of the 2000 {{Joint SIGDAT}} Conference on {{Empirical}} Methods in Natural Language Processing and Very Large Corpora Held in Conjunction with the 38th {{Annual Meeting}} of the {{Association}} for {{Computational Linguistics}} -},
	publisher    = {{Association for Computational Linguistics}},
	address      = {{Hong Kong}},
	volume       = 13,
	pages        = {199--206},
	doi          = {10.3115/1117794.1117819},
}
@article{Korkiakangas2018,
	title        = {{Verso l'analisi della transitivit\`a dei generi testuali latini: il caso del latino notarile}},
	author       = {Korkiakangas, Timo},
	year         = 2018,
	journal      = {Studi e Saggi Linguistici},
	volume       = 56,
	number       = 1,
	pages        = {9--41},
}
@article{Kratzer2002,
	title        = {Telicity and the {{Meaning}} of {{Objective Case}}},
	author       = {Kratzer, Angelika},
	year         = 2002,
	pages        = 52,
}
@article{Lakusta,
	title        = {{{SOURCE AND GOAL ASYMMETRY IN NON}}-{{LINGUISTIC MOTION EVENT REPRESENTATIONS}}},
	author       = {Lakusta, Laura M},
	pages        = 188,
}
@article{LakustaLandau2005,
	title        = {Starting at the End: The Importance of Goals in Spatial Language},
	author       = {Lakusta, Laura and Landau, Barbara},
	year         = 2005,
	journal      = {Cognition},
	volume       = 96,
	number       = 1,
	pages        = {1--33},
	doi          = {10.1016/j.cognition.2004.03.009},
	issn         = {00100277},
}
@incollection{LangEtAl2003,
	title        = {Modifying (the Grammar of) Adjuncts: An Introduction},
	author       = {Lang, Ewald and Maienborn, Claudia and {Fabricius-Hansen}, Cathrine},
	year         = 2003,
	booktitle    = {Modifying {{Adjuncts}}},
	publisher    = {{DE GRUYTER}},
	address      = {{Berlin, Boston}},
	pages        = {1--30},
	doi          = {10.1515/9783110894646.1},
	isbn         = {978-3-11-089464-6},
	editor       = {Lang, Ewald and Maienborn, Claudia and {Fabricius-Hansen}, Cathrine},
}
@article{LangsfordEtAl2018,
	title        = {Quantifying Sentence Acceptability Measures: {{Reliability}}, Bias, and Variability},
	author       = {Langsford, Steven and Perfors, Amy and Hendrickson, Andrew T. and Kennedy, Lauren A. and Navarro, Danielle J.},
	year         = 2018,
	journal      = {Glossa: a journal of general linguistics},
	volume       = 3,
	number       = 1,
	pages        = 37,
	doi          = {10.5334/gjgl.396},
	issn         = {2397-1835},
}
@article{Lapesa,
	title        = {Italian {{Verbs}} of {{Manner}} of {{Motion}} at the {{Syntax}}-Semantic {{Interface}}: {{A Distributional Analysis}}},
	author       = {Lapesa, Gabriella},
}
@article{Larson1988,
	title        = {Implicit Arguments in Situation Semantics},
	author       = {Larson, Richard K.},
	year         = 1988,
	journal      = {Linguistics and Philosophy},
	volume       = 11,
	number       = 2,
	pages        = {169--201},
	doi          = {10.1007/BF00632460},
	issn         = {0165-0157, 1573-0549},
}
@article{Lasersohn1993,
	title        = {Lexical {{Distributivity}} and {{Implicit Arguments}}},
	author       = {Lasersohn, Peter},
	year         = 1993,
	journal      = {Semantics and Linguistic Theory},
	volume       = 3,
	pages        = 145,
	doi          = {10.3765/salt.v3i0.2751},
	issn         = {2163-5951},
}
@article{nagy1997optimality,
	title        = {Optimality Theory and variable word-final deletion in Faetar},
	author       = {Nagy, Naomi and Reynolds, Bill},
	year         = 1997,
	journal      = {Language variation and change},
	publisher    = {Cambridge University Press},
	volume       = 9,
	number       = 1,
	pages        = {37--55}
}
@phdthesis{reynolds1994variation,
	title        = {Variation and phonological theory},
	author       = {Reynolds, William Thomas},
	year         = 1994,
	school       = {University of Pennsylvania}
}
@article{LauEtAl,
	title        = {Measuring {{Gradience}} in {{Speakers}}' {{Grammaticality Judgements}}},
	author       = {Lau, Jey Han and Clark, Alexander and Lappin, Shalom},
	pages        = 6,
}
@article{LauEtAl2017,
	title        = {Grammaticality, {{Acceptability}}, and {{Probability}}: {{A Probabilistic View}} of {{Linguistic Knowledge}}},
	author       = {Lau, Jey Han and Clark, Alexander and Lappin, Shalom},
	year         = 2017,
	journal      = {Cognitive Science},
	volume       = 41,
	number       = 5,
	pages        = {1202--1241},
	doi          = {10.1111/cogs.12414},
	issn         = {03640213},
}
@article{Lavidas2013,
	title        = {Null and Cognate Objects and Changes in (in)Transitivity: {{Evidence}} from the History of {{English}}},
	author       = {Lavidas, Nikolaos},
	year         = 2013,
	journal      = {Acta Linguistica Hungarica},
	publisher    = {{Akad\'emiai Kiad\'o}},
	volume       = 60,
	number       = 1,
	pages        = {69--106},
	issn         = {1216-8076},
}
@article{Lazard2002,
	title        = {Transitivity {{Revisited}} as an {{Example}} of a {{More Strict Approach}} in {{Typological Research}}},
	author       = {Lazard, Gilbert},
	year         = 2002,
	journal      = {Folia Linguistica},
	publisher    = {{De Gruyter Mouton}},
	volume       = 36,
	number       = {3-4},
	pages        = {141--190},
	doi          = {10.1515/flin.2002.36.3-4.141},
	issn         = {1614-7308, 0165-4004},
	chapter      = {Folia Linguistica},
}
@article{LeeThompson2011,
	title        = {Real-Time Production of Arguments and Adjuncts in Normal and Agrammatic Speakers},
	author       = {Lee, Jiyeon and Thompson, Cynthia K.},
	year         = 2011,
	journal      = {Language and Cognitive Processes},
	volume       = 26,
	number       = 8,
	pages        = {985--1021},
	doi          = {10.1080/01690965.2010.496237},
	issn         = {0169-0965, 1464-0732},
}
@article{LevinEtAl,
	title        = {Manner of Motion Roots across Languages: {{Same}} or Different?},
	author       = {Levin, Beth and Beavers, John and Wei, Shiao},
	pages        = 19,
}
@incollection{LevinHovav2013,
	title        = {Lexicalized {{Meaning}} and {{Manner}}/{{Result Complementarity}}},
	author       = {Levin, Beth and Hovav, Malka Rappaport},
	year         = 2013,
	booktitle    = {Studies in the {{Composition}} and {{Decomposition}} of {{Event Predicates}}},
	publisher    = {{Springer Netherlands}},
	address      = {{Dordrecht}},
	volume       = 93,
	pages        = {49--70},
	doi          = {10.1007/978-94-007-5983-1\_3},
	isbn         = {978-94-007-5982-4},
	editor       = {Arsenijevi{\'c}, Boban and Gehrke, Berit and Mar{\'i}n, Rafael},
}
@article{LevinRappaportHovav1992,
	title        = {The Lexical Semantics of Verbs of Motion: The Perspective from Unaccusativity},
	author       = {Levin, Beth and Rappaport Hovav, Malka},
	year         = 1992,
}
@article{LevinRappaportHovav2008,
	title        = {Lexicalized {{Manner}} and {{Result Are}} in {{Complementary Distribution}}},
	author       = {Levin, Beth and Rappaport Hovav, Malka},
	year         = 2008,
}
@misc{LevinRappaportHovav2015,
	title        = {Lexicalization Patterns},
	author       = {Levin, Beth and Rappaport Hovav, Malka},
	year         = 2015,
}
@inproceedings{LevyGoldberg2014,
	title        = {Dependency-{{Based Word Embeddings}}},
	author       = {Levy, Omer and Goldberg, Yoav},
	year         = 2014,
	booktitle    = {Proceedings of the 52nd {{Annual Meeting}} of the {{Association}} for {{Computational Linguistics}} ({{Volume}} 2: {{Short Papers}})},
	publisher    = {{Association for Computational Linguistics}},
	address      = {{Baltimore, Maryland}},
	pages        = {302--308},
	doi          = {10.3115/v1/P14-2050},
}
@article{LinzenOseki2018,
	title        = {The Reliability of Acceptability Judgments across Languages},
	author       = {Linzen, Tal and Oseki, Yohei},
	year         = 2018,
	journal      = {Glossa: a journal of general linguistics},
	volume       = 3,
	number       = 1,
	pages        = 100,
	doi          = {10.5334/gjgl.528},
	issn         = {2397-1835},
}
@article{LiversedgeEtAl,
	title        = {Processing {{Arguments}} and {{Adjuncts}} in {{Isolation}} and {{Context}}: {{The Case}} of \#y-{{Phrase Ambiguities}} in {{Passives}}},
	author       = {Liversedge, Simon P and Branigan, Holly P and Pickering, Martin J},
	pages        = 15,
}
@article{LiversedgeEtAl2003,
	title        = {Thematic Processing of Adjuncts: {{Evidence}} from an Eye-Tracking Experiment},
	author       = {Liversedge, Simon P. and Pickering, Martin J. and Clayes, Emma L. and Branigan, Holly P.},
	year         = 2003,
	journal      = {Psychonomic Bulletin \& Review},
	volume       = 10,
	number       = 3,
	pages        = {667--675},
	doi          = {10.3758/BF03196530},
	issn         = {1069-9384, 1531-5320},
}
@article{Lorenzetti2008,
	title        = {The {{Null Instantiation}} of {{Objects}} as a {{Polysemy}}-{{Trigger}}. {{A Study}} on the {{English}} Verb {{See}}},
	author       = {Lorenzetti, Maria Ivana},
	year         = 2008,
	journal      = {Lexis Journal in English Lexicology},
	publisher    = {{Universit\'e Jean Moulin Lyon 3}},
	number       = 1,
	doi          = {10.4000/lexis.769},
	issn         = {1951-6215},
	copyright    = {Lexis is licensed under a Creative Commons Attribution-NonCommercial-NoDerivatives 4.0 International License.},
}
@article{LukassekEtAl2017,
	title        = {The {{Semantic Processing}} of {{Motion Verbs}}: {{Coercion}} or {{Underspecification}}?},
	author       = {Lukassek, Julia and Prys{\l}opska, Anna and H{\"o}rnig, Robin and Maienborn, Claudia},
	year         = 2017,
	journal      = {Journal of Psycholinguistic Research},
	volume       = 46,
	number       = 4,
	pages        = {805--825},
	doi          = {10.1007/s10936-016-9466-7},
	issn         = {0090-6905, 1573-6555},
}
@article{Luraghi1997,
	title        = {Omission of the {{Direct Object}} in {{Latin}}},
	author       = {Luraghi, Silvia},
	year         = 1997,
	journal      = {Indogermanische Forschungen},
	volume       = 102,
}
@article{Luven,
	title        = {The Argument Status of Directional {{PPs}}},
	author       = {Luven, Katie Van},
	pages        = 98,
}
@misc{Malchukov,
	title        = {Transitivity Parameters and Transitivity Alternations},
	author       = {Malchukov, Andrej L.},
	journal      = {slcs.77.21mal},
	publisher    = {{John Benjamins Publishing Company}},
	howpublished = {https://benjamins.com/catalog/slcs.77.21mal},
}
@article{Malyutina,
	title        = {Neural {{Correlates}} of {{Verb Argument Structure Processing}}},
	author       = {Malyutina, Svetlana},
	pages        = 150,
}
@article{Marantz2013,
	title        = {Verbal Argument Structure: {{Events}} and Participants},
	author       = {Marantz, Alec},
	year         = 2013,
	journal      = {Lingua},
	volume       = 130,
	pages        = {152--168},
	doi          = {10.1016/j.lingua.2012.10.012},
	issn         = {00243841},
}
@article{MarchalPoibeau2016,
	title        = {Lexical {{Knowledge Acquisition}}: {{Towards}} a {{Continuous}} and {{Flexible Representation}} of the {{Lexicon}}},
	author       = {Marchal, Pierre and Poibeau, Thierry},
	year         = 2016,
	pages        = 9,
}
@incollection{MarchalPoibeau2018,
	title        = {A {{Continuum}}-{{Based Model}} of {{Lexical Acquisition}}},
	author       = {Marchal, Pierre and Poibeau, Thierry},
	year         = 2018,
	booktitle    = {Computational {{Linguistics}} and {{Intelligent Text Processing}}},
	publisher    = {{Springer International Publishing}},
	address      = {{Cham}},
	volume       = 9623,
	pages        = {195--207},
	doi          = {10.1007/978-3-319-75477-2\_12},
	isbn         = {978-3-319-75476-5 978-3-319-75477-2},
	editor       = {Gelbukh, Alexander},
}
@article{Marti2006,
	title        = {Unarticulated {{Constituents Revisited}}},
	author       = {Mart{\'i}, Luisa},
	year         = 2006,
	journal      = {Linguistics and Philosophy},
	volume       = 29,
	number       = 2,
	pages        = {135--166},
	doi          = {10.1007/s10988-005-4740-4},
	issn         = {0165-0157, 1573-0549},
}
@article{McConvilleDzikovska,
	title        = {Evaluating {{Complement}}-{{Modifier Distinctions}} in a {{Semantically Annotated Corpus}}},
	author       = {McConville, Mark and Dzikovska, Myroslava O},
	pages        = 8,
}
@book{McShane2005,
	title        = {A {{Theory}} of {{Ellipsis}}},
	author       = {McShane, Marjorie J.},
	year         = 2005,
	publisher    = {{Oxford University Press, USA}},
	isbn         = {978-0-19-517692-6},
	googlebooks  = {1nw8DwAAQBAJ},
}
@article{MelchinToivonen2018,
	title        = {Wh-Word Conjunction as a Test for Argumenthood and Obligatoriness},
	author       = {Melchin, Paul B. and Toivonen, Ida},
	year         = 2018,
	journal      = {Proceedings of the Linguistic Society of America},
	volume       = 3,
	number       = 1,
	pages        = 15,
	doi          = {10.3765/plsa.v3i1.4295},
	issn         = {2473-8689},
}
@article{Mereu2010,
	title        = {Argument versus Adjunct {{PPs}}. {{Where}} Does the Difference Lie?},
	author       = {Mereu, Lunella},
	year         = 2010,
	pages        = 27,
}
@article{Merlo,
	title        = {Evaluation of {{Two}}-Level {{Dependency Representations}} of {{Argument Structure}} in {{Long}}-{{Distance Dependencies}}},
	author       = {Merlo, Paola},
	pages        = 10,
}
@article{MerloFerrer2006,
	title        = {The {{Notion}} of {{Argument}} in {{Prepositional Phrase Attachment}}},
	author       = {Merlo, Paola and Ferrer, Eva Esteve},
	year         = 2006,
	journal      = {Computational Linguistics},
	volume       = 32,
	number       = 3,
	pages        = {341--378},
	doi          = {10.1162/coli.2006.32.3.341},
	issn         = {0891-2017, 1530-9312},
}
@article{MerloStevenson2001,
	title        = {Automatic {{Verb Classification Based}} on {{Statistical Distributions}} of {{Argument Structure}}},
	author       = {Merlo, Paola and Stevenson, Suzanne},
	year         = 2001,
	journal      = {Computational Linguistics},
	volume       = 27,
	number       = 3,
	pages        = {373--408},
	doi          = {10.1162/089120101317066122},
	issn         = {0891-2017, 1530-9312},
}
@inproceedings{Messiant2008,
	title        = {A Subcategorization Acquisition System for {{French}} Verbs},
	author       = {Messiant, C{\'e}dric},
	year         = 2008,
	booktitle    = {Proceedings of the 46th {{Annual Meeting}} of the {{Association}} for {{Computational Linguistics}} on {{Human Language Technologies Student Research Workshop}} - {{HLT}} '08},
	publisher    = {{Association for Computational Linguistics}},
	address      = {{Columbus, Ohio}},
	pages        = 55,
	doi          = {10.3115/1564154.1564166},
}
@article{MeyersMacleod,
	title        = {Standardization of the {{Complement}}/{{Adjunct Distinction}}},
	author       = {Meyers, Adam and Macleod, Catherine},
	pages        = 10,
}
@article{Michel2013,
	title        = {Individual On-Line Processing Differences Are Not Necessarily Reflected in off-Line Acceptability Judgments.},
	author       = {Michel, Dan},
	year         = 2013,
	journal      = {LSA Annual Meeting Extended Abstracts},
	volume       = 4,
	pages        = 30,
	doi          = {10.3765/exabs.v0i0.795},
	issn         = {2377-3367},
}
@article{Mittwoch1988,
	title        = {Aspects of English Aspect: {{On}} the Interaction of Perfect, Progressive and Durational Phrases},
	author       = {Mittwoch, Anita},
	year         = 1988,
	journal      = {Linguistics and Philosophy},
	volume       = 11,
	number       = 2,
	pages        = {203--254},
	doi          = {10.1007/BF00632461},
	issn         = {0165-0157, 1573-0549},
}
@article{Mosel2007,
	title        = {A Corpus Based Approach to Valency in a Language Documentation Project},
	author       = {Mosel, Ulrike},
	year         = 2007,
	pages        = 11,
}
@incollection{Naess2009,
	title        = {How Transitive Are {{EAT}} and {{DRINK}} Verbs?},
	author       = {N{\ae}ss, {\AA}shild},
	year         = 2009,
	booktitle    = {The {{Linguistics}} of {{Eating}} and {{Drinking}}},
	publisher    = {{John Benjamins Publishing}},
	isbn         = {978-90-272-2998-4},
}
@article{Naess2011,
	title        = {The {{Grammar}} of {{Eating}} and {{Drinking Verbs}}},
	author       = {N{\ae}ss, {\AA}shild},
	year         = 2011,
	journal      = {Language and Linguistics Compass},
	volume       = 5,
	number       = 6,
	pages        = {413--423},
	doi          = {10.1111/j.1749-818X.2011.00279.x},
	issn         = {1749-818X},
	copyright    = {\textcopyright{} 2011 The Author. Language and Linguistics Compass \textcopyright{} 2011 Blackwell Publishing Ltd},
}
@article{NaiglesEtAl1998,
	title        = {Speaking of {{Motion}}: {{Verb Use}} in {{English}} and {{Spanish}}},
	author       = {Naigles, Letitia R. and Eisenberg, Ann R. and Kako, Edward T. and Highter, Melissa and McGraw, Nancy},
	year         = 1998,
	journal      = {Language and Cognitive Processes},
	volume       = 13,
	number       = 5,
	pages        = {521--549},
	doi          = {10.1080/016909698386429},
	issn         = {0169-0965, 1464-0732},
}
@article{Nam,
	title        = {Goal and {{Source}}: {{Their Syntactic}} and {{Semantic Asymmetry}}},
	author       = {Nam, Seungho},
	pages        = 14,
}
@article{NeedhamToivonen,
	title        = {Proceedings of the {{LFG11 Conference Miriam Butt}} and {{Tracy Holloway King}} ({{Editors}}) 2011 {{CSLI Publications}} {{http://csli-publications.stanford.edu/}}},
	author       = {Needham, Stephanie and Toivonen, Ida},
	pages        = 21,
}
@article{Newman2005,
	title        = {Three-Place Predicates: {{A}} Cognitive-Linguistic Perspective},
	author       = {Newman, John},
	year         = 2005,
	journal      = {Language Sciences},
	volume       = 27,
	number       = 2,
	pages        = {145--163},
	doi          = {10.1016/j.langsci.2003.12.003},
	issn         = {03880001},
}
@incollection{NewmanRice2006,
	title        = {Transitivity Schemas of {{English EAT}} and {{DRINK}} in the {{BNC}}},
	author       = {Newman, John and Rice, Sally},
	year         = 2006,
	booktitle    = {Corpora in Cognitive Linguistics: {{Corpus}}-Based Approaches to Syntax and Lexis},
	publisher    = {{De Gruyter Mouton}},
	pages        = {225--260},
	isbn         = {978-3-11-019770-9},
	chapter      = {Corpora in Cognitive Linguistics},
}
@phdthesis{Nicolas2019,
	title        = {Transitive {{Structures}} with {{Generic}} or {{Indefinite Object}}-{{Arguments}} in {{English}} as {{Functionally Antipassive Constructions}}},
	author       = {Nicolas, Aline},
	year         = 2019,
	school       = {Universit\'e de Li\`ege},
	type         = {Master's Thesis}
}
@article{Nikitina2009,
	title        = {Subcategorization Pattern and Lexical Meaning of Motion Verbs: A Study of the Source/Goal Ambiguity},
	author       = {Nikitina, Tatiana},
	year         = 2009,
	journal      = {Linguistics},
	volume       = 47,
	number       = 5,
	doi          = {10.1515/LING.2009.039},
	issn         = {0024-3949, 1613-396X},
}
@article{OGradyEtAl2008,
	title        = {Object {{Drop}} in {{Japanese}} and {{Korean}}},
	author       = {O'Grady, William and Yamashita, Yoshie and Cho, Sookeun},
	year         = 2008,
	journal      = {Language Acquisition},
	publisher    = {{Routledge}},
	volume       = 15,
	number       = 1,
	pages        = {58--68},
	doi          = {10.1080/10489220701774278},
	issn         = {1048-9223},
}
@article{OsborneGross2016,
	title        = {The {{Do}}-{{So}}-{{Diagnostic}}: {{Against}} Finite {{VPs}} and for Flat Non-Finite {{VPs}}},
	author       = {Osborne, Timothy and Gross, Thomas},
	year         = 2016,
	journal      = {Folia Linguistica},
	volume       = 50,
	number       = 1,
	doi          = {10.1515/flin-2016-0004},
	issn         = {0165-4004, 1614-7308},
}
@incollection{Paesani2006,
	title        = {Extending the Nonsentential Analysis. {{The}} Case of Special Registers},
	author       = {Paesani, Kate},
	year         = 2006,
	booktitle    = {The Syntax of Nonsententials: Multidisciplinary Perspectives},
	publisher    = {{John Benjamins Publishing}},
	address      = {{Amsterdam ; Philadelphia}},
	series       = {Linguistik Aktuell = {{Linguistics}} Today},
	number       = {v. 93},
	pages        = {147--182},
	isbn         = {978-90-272-3357-8},
	editor       = {Progovac, Ljiljana},
	lccn         = {P291 .S9577 2006}
}
@inproceedings{PalmerEtAl2001,
	title        = {Automatic Predicate Argument Analysis of the {{Penn TreeBank}}},
	author       = {Palmer, Martha and Rosenzweig, Joseph and Cotton, Scott},
	year         = 2001,
	booktitle    = {Proceedings of the First International Conference on {{Human}} Language Technology Research  - {{HLT}} '01},
	publisher    = {{Association for Computational Linguistics}},
	address      = {{San Diego}},
	pages        = {1--5},
	doi          = {10.3115/1072133.1072143},
}
@article{Panevova2016,
	title        = {In Favour of the {{Argument}}-{{Adjunct Distinction}} (from the {{Perspective}} of {{FGD}})},
	author       = {Panevov{\'a}, Jarmila},
	year         = 2016,
	journal      = {The Prague Bulletin of Mathematical Linguistics},
	volume       = 106,
	number       = 1,
	pages        = {21--30},
	doi          = {10.1515/pralin-2016-0009},
	issn         = {1804-0462},
}
@article{Papafragou2010,
	title        = {Source-{{Goal Asymmetries}} in {{Motion Representation}}: {{Implications}} for {{Language Production}} and {{Comprehension}}},
	author       = {Papafragou, Anna},
	year         = 2010,
	journal      = {Cognitive Science},
	volume       = 34,
	number       = 6,
	pages        = {1064--1092},
	doi          = {10.1111/j.1551-6709.2010.01107.x},
	issn         = {03640213},
}
@article{PapafragouSelimis2010,
	title        = {Lexical and {{Structural Biases}} in the {{Acquisition}} of {{Motion Verbs}}},
	author       = {Papafragou, Anna and Selimis, Stathis},
	year         = 2010,
	journal      = {Language Learning and Development},
	volume       = 6,
	number       = 2,
	pages        = {87--115},
	doi          = {10.1080/15475440903352781},
	issn         = {1547-5441, 1547-3341},
}
@article{ParisKoenig2003,
	title        = {What {{Does It Mean}} to {{Be}} a {{Complement}}?},
	author       = {Paris, Luis and Koenig, Jean-Pierre},
	year         = 2003,
	pages        = 20,
}
@article{pater2009weighted,
	title        = {Weighted constraints in generative linguistics},
	author       = {Pater, Joe},
	year         = 2009,
	journal      = {Cognitive science},
	publisher    = {Wiley Online Library},
	volume       = 33,
	number       = 6,
	pages        = {999--1035}
}
@book{PaterEtAl2006,
	title        = {Harmonic Grammar with Linear Programming},
	author       = {Pater, Joe and Potts, Christopher and Bhatt, Rajesh},
	year         = 2006,
}
@book{Perez-LerouxEtAl2018,
	title        = {Direct {{Objects}} and {{Language Acquisition}}},
	author       = {{P{\'e}rez-Leroux}, Ana Teresa and Pirvulescu, Mihaela and Roberge, Yves},
	year         = 2018,
	publisher    = {{Cambridge University Press}},
	address      = {{Cambridge}},
	series       = {Cambridge {{Studies}} in {{Linguistics}}},
	doi          = {10.1017/9781139086264},
	isbn         = {978-1-107-01800-6},
}
@book{Pesetsky1995,
	title        = {Zero Syntax: Experiencers and Cascades},
	author       = {Pesetsky, David Michael},
	year         = 1995,
	publisher    = {{MIT Press}},
	address      = {{Cambridge, Mass}},
	series       = {Current Studies in Linguistics},
	number       = 27,
	isbn         = {978-0-262-16145-9},
	lccn         = {P291 .P44 1995}
}
@inproceedings{PethoKardos2006,
	title        = {A Cross-Linguistic Investigation of the Licensing and Interpretation of Implicit Object Arguments},
	author       = {Peth{\~o}, Gergely and Kardos, Eva},
	year         = 2006,
	booktitle    = {Pre-{{Proceedings}} of the {{SPRIK Conference}} 2006},
}
@article{Poibeau2014,
	title        = {Optimality {{Theory}} as a {{Framework}} for {{Lexical Acquisition}}},
	author       = {Poibeau, Thierry},
	year         = 2014,
	archiveprefix = {arXiv},
	eprint       = {1405.6682},
	eprinttype   = {arxiv},
	primaryclass = {cs}
}
@misc{Press,
	title        = {{{WordNet}} \vert{} {{The MIT Press}}},
	author       = {Press, The MIT},
	publisher    = {{The MIT Press}},
	howpublished = {https://mitpress.mit.edu/books/wordnet},
}
@article{Primus,
	title        = {Proto-{{Roles}} and {{Case Selection}} in {{Optimality Theory}}},
	author       = {Primus, Beatrice},
	pages        = 39,
}
@article{PrinceSmolensky2008,
	title        = {Optimality {{Theory}}: {{Constraint Interaction}} in {{Generative Grammar}}},
	author       = {Prince, Alan and Smolensky, Paul},
	year         = 2008,
	publisher    = {Wiley-Blackwell},
}
@article{chomsky1993minimalist,
	title        = {A minimalist program for linguistic theory},
	author       = {Chomsky, Noam},
	year         = 1993,
	journal      = {The view from Building 20: Essays in linguistics in honor of Sylvain Bromberger},
	publisher    = {MIT press}
}
@incollection{legendre1998less,
	title        = {When is Less More? Faithfulness and Minimal Links in wh -Chains},
	author       = {Legendre, G{\'e}raldine and Smolensky, Paul and Wilson, Colin},
	year         = 1998,
	booktitle    = {Is the Best Good Enough? Optimality and Competition in Syntax},
	publisher    = {MIT Press and MIT Working Papers in Linguistics},
	address      = {Cambridge, MA},
	pages        = {249--289},
	editor       = {Barbosa, Pilar and Fox, Danny and Hagstrom, Paul and McGinnis, Martha and Pesetsky, David}
}
@incollection{legendre1995optimality,
	title        = {Optimality and Wh-Extraction},
	author       = {Legendre, G{\'e}raldine and Wilson, Colin and Smolensky, Paul and Homer, Kristin and Raymond, William},
	year         = 1995,
	booktitle    = {Papers in Optimality Theory},
	publisher    = {University of Massachusetts},
	series       = {Occasional Papers in Linguistics},
	volume       = 18,
	pages        = {607--636},
	editor       = {Beckman, Jill and Walsh Dickey, Laura and Urbanczyk, Suzanne}
}
@book{diesing1992indefinites,
	title        = {Indefinites},
	author       = {Diesing, Molly},
	year         = 1992,
	publisher    = {MIT Press},
	volume       = {Linguistc Inquiry Monographs},
	number       = 20,
	pages        = {xiv + 175}
}
@phdthesis{Prytz2016,
	title        = {Optional Rhemes and {{Omitted}} Undergoers : {{An Event Structure Approach}} to {{Implicit Objects}} in {{Swedish}}},
	author       = {Prytz, Johanna},
	year         = 2016,
	school       = {Stockholm University},
	type         = {{{PhD}} Thesis}
}
@article{Przepiorkowski,
	title        = {Hierarchical {{Lexicon}} and the {{Argument}}/{{Adjunct Distinction}}},
	author       = {Przepiorkowski, Adam},
	pages        = 20,
}
@article{Przepiorkowski1959,
	title        = {Arguments and {{Adjuncts}}},
	author       = {Przepi{\'o}rkowski, Adam},
	year         = 1959,
	journal      = {the argument},
	pages        = 156,
}
@article{Przepiorkowski2016,
	title        = {Against the {{Argument}}-{{Adjunct Distinction}} in {{Functional Generative Description}}},
	author       = {Przepi{\'o}rkowski, Adam},
	year         = 2016,
	journal      = {The Prague Bulletin of Mathematical Linguistics},
	volume       = 106,
	number       = 1,
	pages        = {5--20},
	doi          = {10.1515/pralin-2016-0008},
	issn         = {1804-0462},
}
@article{Przepiorkowski2017,
	title        = {On the Argument-Adjunct Distinction in the {{Polish}} ``{{Semantic Syntax}}'' Tradition},
	author       = {Przepi{\'o}rkowski, Adam},
	year         = 2017,
	journal      = {Cognitive Studies \vert{} \'Etudes cognitives},
	number       = 17,
	doi          = {10.11649/cs.1344},
	issn         = {2392-2397},
}
@article{Przepiorkowskia,
	title        = {How Not to Distinguish Arguments from Adjuncts in {{LFG}}},
	author       = {Przepiorkowski, Adam},
	pages        = 21,
}
@article{Rakosi2003,
	title        = {Comitative Arguments in {{Hungarian}}},
	author       = {R{\'a}kosi, Gy{\"o}rgy},
	year         = 2003,
	pages        = 10,
}
@incollection{RappaportHovavLevin2010,
	title        = {Reflections on {{Manner}}/{{Result Complementarity}}\textasteriskcentered},
	author       = {Rappaport Hovav, Malka and Levin, Beth},
	year         = 2010,
	booktitle    = {Lexical {{Semantics}}, {{Syntax}}, and {{Event Structure}}},
	publisher    = {{Oxford University Press}},
	pages        = {21--38},
	doi          = {10.1093/acprof:oso/9780199544325.003.0002},
	isbn         = {978-0-19-954432-5},
	editor       = {Rappaport Hovav, Malka and Doron, Edit and Sichel, Ivy},
}
@inproceedings{RatitamkulEtAl2004,
	title        = {The Role of Discourse Context in Determining the Argument Structure of Novel Verbs with Omitted Arguments},
	author       = {Ratitamkul, Theeraporn and Goldberg, Adele E. and Fisher, Cynthia},
	year         = 2004,
	booktitle    = {Proceedings of the 32nd {{Stanford Child Language Research Forum}}},
	address      = {{Stanford, CA}},
}
@article{Recanati,
	title        = {Unarticulated {{Constituents}}},
	author       = {Recanati, Fran{\c c}ois},
	pages        = 60,
}
@article{ReisingerEtAl2015,
	title        = {Semantic {{Proto}}-{{Roles}}},
	author       = {Reisinger, Drew and Rudinger, Rachel and Ferraro, Francis and Harman, Craig and Rawlins, Kyle and Van Durme, Benjamin},
	year         = 2015,
	journal      = {Transactions of the Association for Computational Linguistics},
	volume       = 3,
	pages        = {475--488},
	doi          = {10.1162/tacl\_a\_00152},
	issn         = {2307-387X},
}
@inproceedings{Rice1988,
	title        = {Unlikely {{Lexical Entries}}},
	author       = {Rice, Sally},
	year         = 1988,
	booktitle    = {Proceedings of the {{Annual Meeting}} of the {{Berkeley Linguistics Society}}},
	volume       = 14,
	pages        = {202--212},
}
@article{Rimmer,
	title        = {Grammaticality {{Judgment Tests}}: {{Trial}} by {{Error}}},
	author       = {Rimmer, Wayne},
	pages        = 16,
}
@article{RissmanEtAl2019,
	title        = {Event {{Participants}} and {{Verbal Semantics}}: {{Non}}-{{Discrete Structure}} in {{English}}, {{Spanish}} and {{Mandarin}}},
	author       = {Rissman, Lilia and Rawlins, Kyle and Landau, Barbara},
	year         = 2019,
	pages        = 7,
}
@article{RissmanMajid2019,
	title        = {Thematic Roles: {{Core}} Knowledge or Linguistic Construct?},
	author       = {Rissman, Lilia and Majid, Asifa},
	year         = 2019,
	journal      = {Psychonomic Bulletin \& Review},
	volume       = 26,
	number       = 6,
	pages        = {1850--1869},
	doi          = {10.3758/s13423-019-01634-5},
	issn         = {1069-9384, 1531-5320},
}
@article{Rizzi1986,
	title        = {Null {{Objects}} in {{Italian}} and the {{Theory}} of Pro},
	author       = {Rizzi, Luigi},
	year         = 1986,
	journal      = {Linguistic Inquiry},
	volume       = 17,
	number       = 3,
	pages        = {501--557},
}
@book{Roberge1990,
	title        = {The {{Syntactic Recoverability}} of {{Null Arguments}}},
	author       = {Roberge, Yves},
	year         = 1990,
	publisher    = {{McGill-Queen's Press - MQUP}},
	isbn         = {978-0-7735-0732-6},
	googlebooks  = {sK3E4cnK2HUC},
}
@article{Ruppenhofer2005,
	title        = {Regularities in Null Instantiation},
	author       = {Ruppenhofer, Josef},
	year         = 2005,
	pages        = 30,
}
@article{RuppenhoferEtAl,
	title        = {In {{Search}} of {{Missing Arguments}}: {{A Linguistic Approach}}},
	author       = {Ruppenhofer, Josef and Gorinski, Philip and Sporleder, Caroline},
	pages        = 8,
}
@incollection{RuppenhoferMichaelis2014,
	title        = {Frames and the Interpretation of Omitted Arguments in {{English}}},
	author       = {Ruppenhofer, Josef and Michaelis, Laura A.},
	year         = 2014,
	booktitle    = {Pragmatics \& {{Beyond New Series}}},
	publisher    = {{John Benjamins Publishing Company}},
	address      = {{Amsterdam}},
	volume       = 244,
	pages        = {57--86},
	doi          = {10.1075/pbns.244.04rup},
	isbn         = {978-90-272-5649-2},
	editor       = {Katz Bourns, Stacey and Myers, Lindsy L.},
}
@article{SaleemBender,
	title        = {Argument {{Optionality}} in the {{LinGO Grammar Matrix}}},
	author       = {Saleem, Safiyyah and Bender, Emily M},
	pages        = 9,
}
@misc{Sarda2019,
	title        = {French Motion Verbs. {{Insights}} into the Status of Locative {{PPs}}},
	author       = {Sarda, Laure},
	year         = 2019,
}
@article{SchaeferEgbokhare2014,
	title        = {Emai's {{Variable Coding}} of {{Adjuncts}}},
	author       = {Schaefer, Ronald P. and Egbokhare, Francis O.},
	year         = 2014,
	journal      = {Linguistic Discovery},
	volume       = 12,
	number       = 2,
	doi          = {10.1349/PS1.1537-0852.A.443},
	issn         = {1537-0852},
}
@inproceedings{Schmidt1986,
	title        = {Valency Theory in a Stratificational {{MT}}-System},
	author       = {Schmidt, Paul},
	year         = 1986,
	booktitle    = {Proceedings of the 11th Coference on {{Computational}} Linguistics  -},
	publisher    = {{Association for Computational Linguistics}},
	address      = {{Bonn, Germany}},
	pages        = 307,
	doi          = {10.3115/991365.991455},
}
@inproceedings{SchulteimWalde2003,
	title        = {Experiments on the Choice of Features for Learning Verb Classes},
	author       = {{Schulte im Walde}, Sabine},
	year         = 2003,
	booktitle    = {Proceedings of the Tenth Conference on {{European}} Chapter of the {{Association}} for {{Computational Linguistics}}  - {{EACL}} '03},
	publisher    = {{Association for Computational Linguistics}},
	address      = {{Budapest, Hungary}},
	volume       = 1,
	pages        = 315,
	doi          = {10.3115/1067807.1067849},
}
@article{Schutze,
	title        = {Argumenthood {{Diagnostics}}},
	author       = {Schutze, Carson},
	pages        = 11,
}
@article{Schutze2016,
	title        = {The Empirical Base of Linguistics: {{Grammaticality}} Judgments and Linguistic Methodology},
	author       = {Sch{\"u}tze, Carson T.},
	year         = 2016,
	journal      = {Classics in Linguistics},
	publisher    = {{Language Science Press}},
	pages        = {1.01 MB},
	doi          = {10.17169/LANGSCI.B89.100},
	issn         = {2366-374X},
	copyright    = {CC-BY},
}
@article{Schutzea,
	title        = {{{PP Attachment}} and {{Argumenthood}}},
	author       = {Sch{\"u}tze, Carson T},
	pages        = 57,
}
@article{SchutzeGibson1999,
	title        = {Argumenthood and {{English Prepositional Phrase Attachment}}},
	author       = {Sch{\"u}tze, Carson T. and Gibson, Edward},
	year         = 1999,
	journal      = {Journal of Memory and Language},
	volume       = 40,
	number       = 3,
	pages        = {409--431},
	doi          = {10.1006/jmla.1998.2619},
	issn         = {0749596X},
}
@inproceedings{ShutovaEtAl2017,
	title        = {Semantic {{Frames}} and {{Visual Scenes}}: {{Learning Semantic Role Inventories}} from {{Image}} and {{Video Descriptions}}},
	author       = {Shutova, Ekaterina and Wundsam, Andreas and Yannakoudakis, Helen},
	year         = 2017,
	booktitle    = {Proceedings of the 6th {{Joint Conference}} on {{Lexical}} and {{Computational}}           {{Semantics}} (\textasteriskcentered{{SEM}} 2017)},
	publisher    = {{Association for Computational Linguistics}},
	address      = {{Vancouver, Canada}},
	pages        = {149--154},
	doi          = {10.18653/v1/S17-1018},
}
@article{SigurdssonMaling2014,
	title        = {Argument Drop and the {{Empty Left Edge Condition}}},
	author       = {Sigur{\dh}sson, Halld{\'o}r {\'A}rmann and Maling, Joan},
	year         = 2014,
	pages        = 35,
}
@article{SigurLsson,
	title        = {Conditions on {{Argument Drop}}},
	author       = {SigurLsson},
	journal      = {R A},
	pages        = 42,
}
@article{SindlerovaEtAl,
	title        = {Zero {{Alignment}} of {{Verb Arguments}} in a {{Parallel Treebank}}},
	author       = {Sindlerova, Jana and Fucikova, Eva and Uresova, Zdenka},
	pages        = 10,
}
@article{SmolenskyEtAl,
	title        = {Principles for an {{Integrated Connectionist}}/{{Symbolic Theory}} of {{Higher Cognition}} ; {{CU}}-{{CS}}-600-92},
	author       = {Smolensky, Paul and Legendre, Geraldine and Miyata, Yoshiro},
	pages        = 84,
}
@article{smolensky1993integrating,
	title        = {Integrating connectionist and symbolic computation for the theory of language},
	author       = {Smolensky, Paul and Legendre, G{\'e}raldine and Miyata, Yoshiro},
	year         = 1993,
	journal      = {Current Science},
	publisher    = {JSTOR},
	pages        = {381--391}
}
@article{SmolenskyEtAl2014,
	title        = {Optimization and {{Quantization}} in {{Gradient Symbol Systems}}: {{A Framework}} for {{Integrating}} the {{Continuous}} and the {{Discrete}} in {{Cognition}}},
	author       = {Smolensky, Paul and Goldrick, Matthew and Mathis, Donald},
	year         = 2014,
	journal      = {Cognitive Science},
	volume       = 38,
	number       = 6,
	pages        = {1102--1138},
	doi          = {10.1111/cogs.12047},
	issn         = {03640213},
}
@inproceedings{legendre1990can,
	title        = {Can Connectionism Contribute to Syntax? Harmonic Grammar, with an Application},
	author       = {Legendre, G{\'e}raldine and Miyata, Yoshiro and Smolensky, Paul},
	year         = 1990,
	booktitle    = {Proceedings of the 26th Meeting of the Chicago Linguistic Society},
	publisher    = {Citeseer}
}
@inproceedings{legendre1991unifying,
	title        = {Unifying syntactic and semantic approaches to unaccusativity: A connectionist approach},
	author       = {Legendre, G{\'e}raldine and Miyata, Yoshiro and Smolensky, Paul},
	year         = 1991,
	booktitle    = {Annual Meeting of the Berkeley Linguistics Society},
	volume       = 17,
	number       = 1,
	pages        = {156--167}
}
@article{Somers1984,
	title        = {On the Validity of the Complement-Adjunct Distinction in Valency Grammar},
	author       = {Somers, Harold L},
	year         = 1984,
	journal      = {Linguistics},
	volume       = 22,
	number       = 4,
	doi          = {10.1515/ling.1984.22.4.507},
	issn         = {0024-3949, 1613-396X},
}
@article{SoraceKeller2005,
	title        = {Gradience in Linguistic Data},
	author       = {Sorace, Antonella and Keller, Frank},
	year         = 2005,
	journal      = {Lingua},
	volume       = 115,
	number       = 11,
	pages        = {1497--1524},
	doi          = {10.1016/j.lingua.2004.07.002},
	issn         = {00243841},
}
@article{Sprouse,
	title        = {Continuous {{Acceptability}}, {{Categorical Grammaticality}}, and {{Experimental Syntax}}},
	author       = {Sprouse, Jon},
	pages        = 12,
}
@article{Sprouse2015,
	title        = {Three Open Questions in Experimental Syntax},
	author       = {Sprouse, Jon},
	year         = 2015,
	journal      = {Linguistics Vanguard},
	volume       = 1,
	number       = 1,
	doi          = {10.1515/lingvan-2014-1012},
	issn         = {2199-174X},
}
@incollection{Sprouse2018,
	title        = {Acceptability Judgments and Grammaticality, Prospects and Challenges},
	author       = {Sprouse, Jon},
	year         = 2018,
	booktitle    = {Syntactic {{Structures}} after 60 {{Years}}},
	publisher    = {{De Gruyter}},
	address      = {{Berlin, Boston}},
	pages        = {195--224},
	doi          = {10.1515/9781501506925-199},
	isbn         = {978-1-5015-0692-5},
	editor       = {Hornstein, Norbert and Lasnik, Howard and {Patel-Grosz}, Pritty and Yang, Charles},
}
@article{SrinivasanBarner2013,
	title        = {The {{Amelia Bedelia}} Effect: {{World}} Knowledge and the Goal Bias in Language Acquisition},
	author       = {Srinivasan, Mahesh and Barner, David},
	year         = 2013,
	journal      = {Cognition},
	volume       = 128,
	number       = 3,
	pages        = {431--450},
	doi          = {10.1016/j.cognition.2013.05.005},
	issn         = {00100277},
}
@article{StefanowitschRohde,
	title        = {The Goal Bias in the Encoding of Motion Events},
	author       = {Stefanowitsch, Anatol and Rohde, Ada},
	pages        = 19,
}
@incollection{Steube2008,
	title        = {Comparing {{Linguistic Judgments}} and {{Corpus Frequencies}} as {{Windows}} on {{Grammatical Competence}}: {{A Study}} of {{Argument Linearization}} in {{German Clauses}}},
	year         = 2008,
	booktitle    = {Language, {{Context}} and {{Cognition}}},
	publisher    = {{Walter de Gruyter}},
	address      = {{Berlin, New York}},
	doi          = {10.1515/9783110209303.3.179},
	isbn         = {978-3-11-020930-3},
	editor       = {Steube, Anita},
}
@inproceedings{Stoica2017,
	title        = {Parametric Variation in the Role of Viewpoint Aspect in the Omission of Direct Objects},
	author       = {Stoica, Irina},
	year         = 2017,
	booktitle    = {13th {{Conference}} on {{British}} and {{American Studies}}},
	publisher    = {{Cambridge Scholars Publishing}},
}
@article{StorzerStolterfoht2013,
	title        = {Syntactic Base Positions for Adjuncts? {{Psycholinguistic}} Studies on Frame and Sentence Adverbials},
	author       = {St{\"o}rzer, Melanie and Stolterfoht, Britta},
	year         = 2013,
	journal      = {Questions and Answers in Linguistics},
	volume       = 1,
	number       = 2,
	pages        = {57--72},
	doi          = {10.1515/qal-2015-0004},
	issn         = {2299-8942},
}
@incollection{Stosic2019,
	title        = {Manner as a Cluster Concept: {{What}} Does Lexical Coding of Manner of Motion Tell Us about Manner?},
	author       = {Stosic, Dejan},
	year         = 2019,
	booktitle    = {Human {{Cognitive Processing}}},
	publisher    = {{John Benjamins Publishing Company}},
	address      = {{Amsterdam}},
	volume       = 66,
	pages        = {142--177},
	doi          = {10.1075/hcp.66.04sto},
	isbn         = {978-90-272-0320-5},
	editor       = {Aurnague, Michel and Stosic, Dejan},
}

@article{stosic2020defining,
  title={Defining the concept of manner: An attempt to order chaos},
  author={Stosic, Dejan},
  year={2020},
  address={Roma},
  publisher={Carocci}
}

@article{Stuntebeck2018,
	title        = {{{ANNOTATING ARGUMENT DROP IN THE SWISS WHATSAPP CORPUS}}},
	author       = {Stuntebeck, Franziska},
	year         = 2018,
	pages        = {1--13},
}
@article{Tenny1995,
	title        = {How Motion Verbs Are Special: {{The}} Interaction of Semantic and Pragmatic Information in Aspectual Verb Meanings},
	author       = {Tenny, Carol L.},
	year         = 1995,
	journal      = {Pragmatics \& Cognition},
	volume       = 3,
	number       = 1,
	pages        = {31--73},
	doi          = {10.1075/pc.3.1.06ten},
	issn         = {0929-0907, 1569-9943},
}
@article{ThompsonEtAl1997,
	title        = {Agrammatic and Non-Brain-Damaged Subjects' Verb and Verb Argument Structure Production},
	author       = {Thompson, C. K. and Lange, K. L. and Schneider, S. L. and Shapiro, L. P.},
	year         = 1997,
	journal      = {Aphasiology},
	volume       = 11,
	number       = {4-5},
	pages        = {473--490},
	doi          = {10.1080/02687039708248485},
	issn         = {0268-7038, 1464-5041},
}
@article{ThompsonEtAl2007,
	title        = {Neural {{Correlates}} of {{Verb Argument Structure Processing}}},
	author       = {Thompson, Cynthia K. and Bonakdarpour, Borna and Fix, Stephen C. and Blumenfeld, Henrike K. and Parrish, Todd B. and Gitelman, Darren R. and Mesulam, M.-Marsel},
	year         = 2007,
	journal      = {Journal of Cognitive Neuroscience},
	volume       = 19,
	number       = 11,
	pages        = {1753--1767},
	doi          = {10.1162/jocn.2007.19.11.1753},
	issn         = {0898-929X, 1530-8898},
}
@article{ThorntonEtAl,
	title        = {Integrating the {{Spatial Semantics}} of {{Verbs}} and {{Prepositions}} during {{Sentence Processing}}},
	author       = {Thornton, Robert and Klein, Natalie M and Llewellyn, Elspeth and Hackl, Martin},
	pages        = 9,
}
@article{Thwaites2020,
	title        = {Does Verb Transitivity Influence Word Association Responses?},
	author       = {Thwaites, Peter},
	year         = 2020,
	journal      = {The Mental Lexicon},
	publisher    = {{John Benjamins}},
	volume       = 15,
	number       = 3,
	pages        = {464--484},
	doi          = {10.1075/ml.20019.thw},
	issn         = {1871-1340, 1871-1375},
}
@article{Toivonen,
	title        = {Between Arguments and Adjuncts},
	author       = {Toivonen, Ida},
	pages        = 2,
}
@article{Toivonen2018,
	title        = {Gradience, Features and Hierarchies},
	author       = {Toivonen, Ida},
	year         = 2018,
	journal      = {Theoretical Linguistics},
	volume       = 44,
	number       = {1-2},
	pages        = {93--98},
	doi          = {10.1515/tl-2018-0008},
	issn         = {0301-4428, 1613-4060},
}
@article{Toivonena,
	title        = {How Language Represents Event Participants{$\LeftArrowBar$}},
	author       = {Toivonen, Ida},
	pages        = 16,
}
@article{Toivonenb,
	title        = {Proceedings of the {{LFG13 Conference Miriam Butt}} and {{Tracy Holloway King}} ({{Editors}}) 2013 {{CSLI Publications}} {{http://csli-publications.stanford.edu/}}},
	author       = {Toivonen, Ida},
	pages        = 21,
}
@inproceedings{TonelliDelmonte2011,
	title        = {Desperately {{Seeking Implicit Arguments}} in {{Text}}},
	author       = {Tonelli, Sara and Delmonte, Rodolfo},
	year         = 2011,
	booktitle    = {Proceedings of the {{ACL}} 2011 {{Workshop}} on {{Relational Models}} of {{Semantics}}},
	publisher    = {{Association for Computational Linguistics}},
	address      = {{Portland, Oregon, USA}},
	pages        = {54--62},
}
@article{Tremblay2005,
	title        = {{{THEORETICAL AND METHODOLOGICAL PERSPECTIVES ON THE USE OF GRAMMATICALITY JUDGMENT TASKS IN LINGUISTIC THEORY}}},
	author       = {Tremblay, Annie},
	year         = 2005,
	pages        = 39,
}
@incollection{Tsunoda1999,
	title        = {Aspect and Transitivity of Iterative Constructions in {{Warrungu}}},
	author       = {Tsunoda, Tasaku},
	year         = 1999,
	booktitle    = {Tense-Aspect, Transitivity and Causativity: Essays in Honor of {{Vladimir Nedjalkov}}},
	pages        = {3--19},
	editor       = {Abraham, Werner and Kulikov, Leonid},
}
@article{TurneyPantel2010,
	title        = {From {{Frequency}} to {{Meaning}}: {{Vector Space Models}} of {{Semantics}}},
	author       = {Turney, P. D. and Pantel, P.},
	year         = 2010,
	journal      = {Journal of Artificial Intelligence Research},
	volume       = 37,
	pages        = {141--188},
	doi          = {10.1613/jair.2934},
	issn         = {1076-9757},
}
@article{TutunjianBoland2008,
	title        = {Do {{We Need}} a {{Distinction}} between {{Arguments}} and {{Adjuncts}}? {{Evidence}} from {{Psycholinguistic Studies}} of {{Comprehension}}},
	author       = {Tutunjian, Damon and Boland, Julie E.},
	year         = 2008,
	journal      = {Language and Linguistics Compass},
	volume       = 2,
	number       = 4,
	pages        = {631--646},
	doi          = {10.1111/j.1749-818X.2008.00071.x},
	issn         = {1749818X, 1749818X},
}
@book{VanHooste2018,
	title        = {Instruments and Related Concepts at the Syntax-Semantics Interface.},
	author       = {Van Hooste, Koen},
	year         = 2018,
	publisher    = {{D\"usseldorf University Press}},
	address      = {{D\"usseldorf}},
	isbn         = {978-3-95758-059-7},
}
@inproceedings{vanNoordBouma1994,
	title        = {Adjuncts and the Processing of Lexical Rules},
	author       = {{van Noord}, Gertjan and Bouma, Gosse},
	year         = 1994,
	booktitle    = {Proceedings of the 15th Conference on {{Computational}} Linguistics  -},
	publisher    = {{Association for Computational Linguistics}},
	address      = {{Kyoto, Japan}},
	volume       = 1,
	pages        = 250,
	doi          = {10.3115/991886.991928},
}
@article{Vendler1957,
	title        = {Verbs and {{Times}}},
	author       = {Vendler, Zeno},
	year         = 1957,
	journal      = {The Philosophical Review},
	publisher    = {{[Duke University Press, Philosophical Review]}},
	volume       = 66,
	number       = 2,
	pages        = {143--160},
	doi          = {10.2307/2182371},
	issn         = {0031-8108},
}
@article{Verspoor,
	title        = {Contextually-{{Dependent Lexical Semantics}}},
	author       = {Verspoor, Cornelia Maria},
	pages        = 259,
}
@article{VillataEtAl2016,
	title        = {Intervention Effects and {{Relativized Minimality}}: {{New}} Experimental Evidence from Graded Judgments},
	author       = {Villata, Sandra and Rizzi, Luigi and Franck, Julie},
	year         = 2016,
	journal      = {Lingua},
	volume       = 179,
	pages        = {76--96},
	doi          = {10.1016/j.lingua.2016.03.004},
	issn         = {00243841},
}
@inproceedings{Villavicencio2002,
	title        = {Learning to Distinguish {{PP}} Arguments from Adjuncts},
	author       = {Villavicencio, Aline},
	year         = 2002,
	booktitle    = {Proceeding of the 6th Conference on {{Natural}} Language Learning  - {{COLING}}-02},
	publisher    = {{Association for Computational Linguistics}},
	address      = {{Not Known}},
	volume       = 20,
	pages        = {1--7},
	doi          = {10.3115/1118853.1118886},
}
@article{Walkova,
	title        = {Scalarity {{Determines Argument Structure}} in {{English Particle Verbs}} and {{Slovak Prefixed Verbs}}},
	author       = {Walkov{\'a}, Milada},
	pages        = 21,
}
@article{Wichmann2014,
	title        = {Arguments and {{Adjuncts Cross}}-{{Linguistically}}: {{A Brief Introduction}}},
	author       = {Wichmann, S{\o}ren},
	year         = 2014,
	journal      = {Linguistic Discovery},
	volume       = 12,
	number       = 2,
	doi          = {10.1349/PS1.1537-0852.A.441},
	issn         = {1537-0852},
}
@article{Wierzbicka1982,
	title        = {Why {{Can You Have}} a {{Drink When You Can}}'t \textasteriskcentered{{Have}} an {{Eat}}?},
	author       = {Wierzbicka, Anna},
	year         = 1982,
	journal      = {Language},
	publisher    = {{Linguistic Society of America}},
	volume       = 58,
	number       = 4,
	pages        = {753--799},
	doi          = {10.2307/413956},
	issn         = {0097-8507},
}
@article{Williams,
	title        = {Arguments in {{Syntax}} and {{Semantics}}},
	author       = {Williams, Alexander},
	pages        = 396,
}
@article{WillitsEtAl,
	title        = {Distributional {{Statistics}} and {{Thematic Role Relationships}}},
	author       = {Willits, Jon A and D'Mello, Sidney K and Duran, Nicholas D and Olney, Andrew},
	pages        = 6,
}
@article{Wunderlich,
	title        = {Optimality Theory in Morphology and Syntax},
	author       = {Wunderlich, Dieter},
	pages        = 17,
}
@book{Yang2008,
	title        = {The Indefinite Object in {{Mandarin Chinese}}: Its Making, Interpretation and Acquisition},
	author       = {Yang, Ning},
	year         = 2008,
	publisher    = {{LOT}},
	address      = {{Utrecht}},
	series       = {{{LOT}}},
	number       = 179,
	isbn         = {978-90-78328-53-7},
}
@article{Yasunari,
	title        = {On the {{Distinction}} between {{Complement}} and {{Adjunct}} in {{Japanese}}},
	author       = {Yasunari, HARADA},
	pages        = 14,
}
@article{Yasutake1987,
	title        = {Objectless {{Transitives}} in {{English}}},
	author       = {Yasutake, Tomoko},
	year         = 1987,
	journal      = {The Bulletin of Aichi University of Education},
	volume       = 36,
	number       = {Humanities},
	pages        = {43--55},
}
@article{YousefiMardian2019,
	title        = {Analyzing {{Meaning}}: {{An Introduction}} to {{Semantics}} and {{Pragmatics}}: {{Paul L}}. {{Kroeger Berlin}}: {{Language Science Press}}, 2018, Xiv+482 Pp.},
	author       = {Yousefi, Moslem and Mardian, Fatemeh},
	year         = 2019,
	journal      = {Australian Journal of Linguistics},
	pages        = {1--3},
	doi          = {10.1080/07268602.2019.1680090},
	issn         = {0726-8602, 1469-2996},
}
@book{bod2003probabilistic,
	title        = {Probabilistic Linguistics},
	author       = {Bod, Rens and Hay, Jennifer and Jannedy, Stefanie},
	year         = 2003,
	publisher    = {Mit Press}
}
@book{manning2003probabilistic,
	title        = {Probabilistic Syntax},
	author       = {Manning, Christopher D},
	year         = 2003,
	booktitle    = {Probabilistic Linguistics},
	publisher    = {Mit Press},
	editor       = {Bod, Rens and Hay, Jennifer and Jannedy, Stefanie}
}
@inproceedings{magri2018implicational,
	title        = {Implicational Universals in Stochastic Constraint-Based Phonology},
	author       = {Magri, Giorgio},
	year         = 2018,
	booktitle    = {Proceedings of the 2018 Conference on Empirical Methods in Natural Language Processing},
	pages        = {3265--3274}
}
@book{chomsky1957syntactic,
	title        = {Syntactic Structures},
	author       = {Chomsky, Noam},
	year         = 1957,
	publisher    = {Walter de Gruyter}
}
@incollection{Zubizarreta2007,
	title        = {A Compositional Analysis of Manner-of-Motion Verbs in {{Italian}}},
	author       = {Zubizarreta, Mar{\'i}a Luisa},
	year         = 2007,
	booktitle    = {Current {{Issues}} in {{Linguistic Theory}}},
	publisher    = {{John Benjamins Publishing Company}},
	address      = {{Amsterdam}},
	volume       = 287,
	pages        = 311,
	doi          = {10.1075/cilt.287.23zub},
	isbn         = {978-90-272-4802-2},
	editor       = {Camacho, Jos{\'e} and {Flores-Ferr{\'a}n}, Nydia and S{\'a}nchez, Liliana and D{\'e}prez, Viviane and Cabrera, Mar{\'i}a Jos{\'e}}
}
@book{ZubizarretaOh2007,
	title        = {On the {{Syntactic Composition}} of {{Manner}} and {{Motion}}},
	author       = {Zubizarreta, Maria Luisa and Oh, Eunjeong},
	year         = 2007,
	publisher    = {{The MIT Press}},
	doi          = {10.7551/mitpress/5132.001.0001},
	isbn         = {978-0-262-28665-7}
}
